3244 4792
1457 179 1884 244 ...42-

493 353 660 413 cuius
719 355 814 413 rei
853 354 1264 428 gravissimum
1311 354 1716 414 testimonium
1762 354 1919 412 inest
1963 353 2250 429 epistulis,
2312 372 2482 432 quae,
2543 356 2612 411 ut
2656 351 2855 410 Cicero
2940 420 2954 439 Ι,

492 458 637 532 ἱρεθ,
666 458 826 531 dicit,
873 457 1240 533 conscriptae
1285 463 1425 516 sunt
1467 478 1537 517 eo
1581 457 1864 536 loquendi
1912 475 2148 532 genere,
2205 457 2361 535 quod
2407 455 2653 530 propius
2698 474 2857 513 acce·

495 561 596 619 dat
638 562 710 618 ad
756 580 1122 619 communem
1168 561 1403 620 dicendi
1450 561 1966 632 consuetudinem,
2027 567 2088 617 et
2145 579 2261 638 quo
2310 559 2511 617 eadem
2557 559 2681 616 fere
2726 577 2858 616 cum

493 664 786 736 libertate,
834 683 953 742 qua
993 684 1135 722 usus
1179 668 1272 723 est
1312 664 1375 721 in
1422 664 1659 739 scriptis
1697 661 2126 739 philosophicis
2172 667 2233 720 et
2260 661 2588 734 rhetoricis,
2635 679 2859 738 suoque

498 765 744 825 arbitrio
788 766 1206 825 audacissimas
1252 774 1499 847 quartae
1543 766 1747 826 classis
1790 764 2121 825 locutiones
2166 764 2479 838 congessit.

1274 1002 1337 1072 I.
1427 1021 1665 1072 sermo
1710 1003 2066 1088 vulgaris:

651 1144 706 1220 1)
750 1144 1184 1219 proverbia
1229 1163 1309 1202 ac
1356 1145 1847 1204 sententiae:

756 1247 818 1304 in
864 1246 1081 1325 quibus
1125 1247 1390 1306 subiecta
1434 1248 1744 1321 legunturz

669 1367 904 1409 aurum:

501 1453 571 1511 cf.
619 1453 812 1512 Plaut.
861 1452 1025 1528 Capt.
1071 1473 1127 1512 v.
1179 1455 1296 1511 327
1347 1497 1360 1511 .
1393 1498 1407 1512 .
1444 1498 1458 1512 .
1492 1498 1505 1512 .
1553 1452 1738 1512 multa
1783 1453 1983 1511 multis
2046 1472 2220 1528 saepe
2268 1452 2527 1509 suasit
2568 1450 2860 1527 (aurum);

499 1589 586 1598 -—
630 1555 819 1615 Lucil.
877 1563 985 1614 sat.
1051 1576 1128 1613 ex
1185 1556 1291 1615 lib.
1351 1557 1559 1614 incert.
1612 1557 1741 1627 LX,
1788 1577 1843 1614 v.
1894 1560 1972 1614 99
2037 1575 2285 1634 nequam
2348 1563 2643 1626 aurumst,
2704 1553 2865 1611 auris

502 1660 659 1738 quod
703 1658 763 1717 vi
811 1659 1146 1718 vementius
1191 1658 1518 1735 angit1).

672 1813 891 1856 mores:

503 1900 693 1959 Plaut.
749 1900 975 1959 Mostel.
1025 1921 1083 1959 v.
1133 1904 1249 1958 291
1300 1901 1570 1975 pulcrum
1632 1906 1903 1959 ornatum
1965 1907 2168 1975 turpes
2214 1919 2405 1956 mores
2465 1898 2636 1974 peius
2682 1917 2863 1955 caeno

505 2003 1035 2076 collinunt2);
1083 2037 1162 2046 —-
1222 2048 1258 2077 ‚‚
1319 2002 1566 2061 Poenul.
1615 2005 1735 2061 307
1799 2003 1981 2078 lepidi
2047 2021 2235 2060 mores
2298 2012 2531 2075 turpem
2593 2008 2862 2058 ornatum

502 2106 678 2164 facile
723 2106 894 2165 factis
940 2108 1483 2182 comprobant;
1527 2140 1611 2150 --
1673 2126 1748 2166 ex
1813 2106 2017 2164 incert.
2080 2106 2287 2163 incert.
2351 2105 2468 2162 fab.
2515 2102 2632 2179 pal.
2680 2124 2735 2162 v.
2790 2106 2863 2160 75

507 2209 597 2266 sui
644 2209 859 2288 cuique
905 2229 1096 2268 mores
1141 2210 1471 2284 fingunt
1514 2211 1810 2267 fortunam
1858 2210 2194 2266 humanam.

678 2363 871 2424 genus,
916 2344 1242 2407 humilitas:

508 2451 647 2508 Acci
695 2450 1000 2508 Diomedis
1045 2471 1103 2511 V.
1152 2450 1271 2508 272
1321 2471 1438 2508 non
1487 2469 1674 2524 genus
1704 2450 1896 2509 virum
1944 2469 2083 2507 orn
2102 2455 2207 2518 at;
2257 2482 2334 2489 —
2384 2448 2643 2504 eiusdem
2690 2448 2868 2517 „Per-

508 2552 707 2610 sidae“
750 2552 791 2610 f.
838 2574 893 2612 v.
942 2558 1020 2609 99
1070 2572 1372 2631 nunquam
1436 2553 1559 2610 ulla
1601 2552 1908 2610 humilitas
1971 2551 2273 2625 ingenium
2325 2549 2587 2607 infirmat
2632 2550 2872 2606 bonum.

678 2688 968 2767 adversae,
1014 2688 1301 2749 secundae
1346 2706 1464 2749 res:

508 2793 628 2851 Cat.
677 2792 822 2867 orig.
867 2793 972 2851 lib.
1010 2792 1066 2851 V
1111 2793 1324 2871 (oratio
1370 2812 1478 2868 pro
1524 2790 1994 2866 Rhodiensibus)
2041 2790 2323 2848 advorsae
2370 2809 2463 2847 res
2509 2789 2876 2845 edomant

509 2905 571 2954 et
614 2896 928 2972 docent,
992 2896 1133 2974 quid
1182 2916 1333 2972 opus
1379 2897 1493 2954 siet
1535 2898 1729 2967 facto;
1791 2928 1873 2936 —
1932 2893 2075 2951 ibid.
2141 2893 2429 2950 secundae
2492 2910 2587 2948 res
2645 2889 2878 2948 laetitia

508 3007 911 3058 transversum
957 3000 1287 3058 trudere
1332 2999 1527 3058 solent
1570 3019 1605 3056 a
1648 3007 1808 3057 recte
1856 2995 2216 3055 consulendo
2248 3003 2426 3073 atque
2459 2993 2872 3067 intelligendo,

680 3134 1074 3196 benefactum:

512 3240 636 3298 Cat.
684 3245 830 3299 orat.
877 3239 1050 3318 reliq.
1102 3240 1172 3315 V,
1227 3245 1252 3297 1
1318 3240 1488 3298 labor
1547 3238 1651 3296 ille
1711 3258 1746 3295 a
1802 3237 1975 3297 vobis
2021 3235 2138 3294 cito
2185 3236 2436 3304 recedet,
2499 3232 2873 3291 benefactum

509 3361 546 3400 a
588 3343 775 3415 vobiS,
824 3344 962 3401 dum
1007 3343 1232 3416 vivitis,
1280 3363 1399 3401 non
1444 3360 1481 3400 a
1498 3344 1537 3401 b
1555 3364 1581 3401 s
1599 3361 1631 3401 c
1650 3362 1682 3399 e
1703 3342 1739 3398 d
1758 3362 1790 3399 e
1806 3350 1846 3400 t.

684 3478 832 3539 dies:

512 3583 749 3642 Terent.
797 3584 1014 3643 Heaut.
1061 3583 1210 3642 Tim.
1256 3604 1312 3643 v.
1360 3588 1481 3640 422
1548 3582 1701 3639 diem
1760 3580 2099 3639 adimere
2143 3576 2575 3653 aegritudinem
2621 3575 2878 3633 homini-

515 3687 625 3743 bus
670 3686 775 3763 (sc.
823 3686 1004 3761 vulgo
1052 3685 1211 3763 dici).

688 3821 966 3883 mantisa:

519 3926 707 3986 Lucil.
754 3933 861 3986 sat.
909 3945 985 3983 ex
1029 3925 1161 3984 libr.
1208 3926 1416 3985 incert.
1462 3947 1519 3985 v.
1567 3930 1647 3983 95
1699 3970 1711 3985 .
1748 3970 1759 3982 .
1798 3970 1811 3984 .
1846 3969 1858 3983 .
1907 3921 2159 3980 mantisa
2204 3921 2451 3979 obsonia
2495 3919 2777 3979 vincit.

657 4096 707 4158 1)
742 4097 794 4143 vi
830 4097 877 4143 D
914 4096 994 4143 vis
1031 4096 1125 4143 cdd
1161 4096 1304 4143 Pauli
1340 4104 1389 4144 et
1423 4096 1559 4144 Festi
1595 4096 1734 4155 angit
1768 4094 1820 4140 M
1870 4093 2055 4140 ambiat
2102 4093 2162 4139 cd
2199 4091 2334 4137 Festi
2371 4090 2525 4136 ambit
2561 4088 2678 4135 libri
2717 4089 2877 4137 Pauli.

655 4180 706 4249 2)
741 4184 983 4231 collinunt
1018 4182 1290 4234 Saracenas
1327 4183 1579 4232 continent
1612 4184 1701 4230 Ba
1738 4182 1777 4232 C
1813 4183 1859 4228 D
1898 4180 2195 4232 concinnunt
2230 4178 2285 4224 F.
