3244 4792
1506 1451 1721 1517 PARS
1764 1452 1847 1518 ΙΙ.

1440 1624 1788 1699 Classis
1856 1626 1920 1698 1.

669 1829 902 1888 Primae
946 1829 1149 1889 classis
1194 1831 1603 1907 exemplorum
1650 1835 1717 1891 ut
1762 1838 2029 1891 naturam
2078 1836 2258 1912 atque
2302 1833 2593 1893 rationem
2640 1855 2859 1910 cogno-

496 1952 740 2005 scamuS,
785 1932 1222 2008 respiciendum
1281 1933 1454 1993 nobis
1499 1938 1590 1994 est
1634 1934 1706 1992 ad
1753 1936 2168 2008 Romanorum,
2218 1956 2391 2014 quam
2439 1938 2741 1998 habebant
2802 1945 2863 1998 et

496 2014 738 2094 deorum
784 2041 845 2094 et
888 2037 1124 2094 dearum
1172 2034 1532 2112 opinionem.
1594 2041 1686 2096 est
1730 2036 1886 2095 enim
1920 2044 2141 2111 notum,
2191 2039 2490 2098 Romanos
2520 2059 2640 2098 non
2673 2041 2860 2100 solum

496 2139 636 2198 deos
679 2138 990 2212 habuisse,
1052 2139 1152 2218 qui
1217 2145 1278 2198 ct
1321 2138 1549 2198 coelum
1594 2146 1656 2199 et
1700 2159 1860 2198 mare
1905 2146 1966 2200 et
2009 2145 2226 2200 terram
2271 2141 2521 2218 imperio
2567 2149 2859 2218 regerent,

492 2260 699 2302 verum
745 2241 923 2300 etiam
971 2260 1354 2322 quascunque
1399 2242 1686 2303 volebant
1714 2243 2005 2317 notiones,
2039 2243 2411 2320 potissimum
2446 2264 2565 2322 eas,
2611 2265 2861 2324 quarum

491 2343 584 2405 vis
643 2349 822 2424 atque
887 2351 1151 2422 potestas
1212 2345 1398 2404 maior
1458 2352 1585 2406 erat
1648 2345 1709 2405 in
1772 2346 1953 2406 variis
2017 2345 2177 2407 vitae
2221 2345 2682 2421 conditionibus,
2746 2349 2862 2408 sibi

492 2467 775 2527 personas
833 2453 894 2509 et
937 2450 1076 2508 deos
1122 2455 1183 2509 et
1227 2448 1364 2508 deas
1409 2449 1674 2509 finxisse.
1763 2469 1881 2528 qua
1939 2451 2011 2510 de
2070 2470 2134 2509 re
2193 2451 2523 2511 accuratius
2585 2452 2863 2512 disseruit

492 2552 683 2612 Varro
727 2551 790 2609 in
836 2551 989 2610 libro
1035 2571 1142 2611 suo
1195 2552 1659 2631 „antiquitatum
1702 2552 1841 2611 libri
1887 2552 2110 2626 XLI“;
2172 2553 2328 2612 unde
2373 2553 2658 2630 ampliora
2701 2555 2858 2630 frag-

493 2658 693 2713 menta
736 2654 879 2714 satis
923 2654 1109 2730 multa
1151 2655 1215 2712 in
1261 2654 1582 2729 Augustini
1644 2656 1757 2728 „de
1817 2654 2057 2716 civitate
2117 2655 2250 2714 dei“
2309 2656 2461 2715 libro
2510 2664 2860 2718 conservata

493 2758 566 2816 ad
610 2761 873 2817 nostram
918 2764 1322 2837 pervenerunt
1365 2757 1728 2818 memoriam.

662 2867 843 2942 atque
886 2861 939 2920 is
982 2860 1239 2937 primum
1282 2861 1346 2919 in
1393 2861 1657 2921 diversas
1701 2860 1919 2920 classes
1956 2861 2098 2921 deos
2129 2862 2483 2937 segregavit,
2529 2862 2633 2942 qui
2678 2863 2857 2922 comi-

492 2968 696 3023 tantur
754 2984 820 3025 ac
885 2971 1129 3024 tuentur
1189 2963 1460 3023 homines
1515 2984 1624 3041 per
1685 2968 1870 3024 totam
1933 2965 2119 3024 vitam
2182 2984 2217 3023 a
2260 2965 2452 3041 primo
2515 2965 2609 3024 die
2667 2986 2857 3046 usquc

491 3069 561 3125 ad
609 3072 988 3143 postremum.
1063 3067 1221 3127 inter
1265 3087 1414 3146 quos
1461 3067 1719 3143 exempli
1769 3086 1941 3126 causa
1985 3069 2291 3126 habendae
2336 3074 2477 3126 sunt
2523 3069 2666 3127 deae
2711 3069 2857 3145 Opis

490 3169 589 3230 vel
635 3170 774 3247 Ops,
835 3171 1060 3244 Honos,
1119 3170 1343 3243 Virtus,
1406 3172 1552 3243 Pax,
1618 3170 1921 3248 Faventia,
1972 3171 2278 3244 Iuventas,
2327 3169 2529 3244 Quies,
2573 3170 2858 3232 Victoria.

493 3272 672 3333 etiam
720 3273 930 3332 Febris
974 3274 1037 3331 in
1082 3293 1328 3332 numero
1374 3291 1579 3332 eorum
1626 3279 1771 3332 erat.

662 3376 819 3434 aliud
866 3376 1079 3435 deinde
1123 3396 1310 3451 genus
1356 3377 1598 3435 deorum
1645 3380 1784 3435 sunt
1826 3375 1913 3448 ei,
1970 3376 2073 3455 qui
2137 3376 2532 3450 agriculturae
2578 3376 2673 3436 dei
2718 3383 2859 3436 sunt

488 3479 808 3555 praesides.
895 3498 1091 3559 neque
1137 3479 1340 3539 deesse
1383 3478 1663 3538 videntur
1708 3477 1836 3550 dei,
1899 3497 2146 3557 quorum
2196 3479 2418 3539 tutelae
2464 3485 2526 3538 et
2568 3498 2857 3558 personae

490 3589 552 3642 et
598 3581 840 3657 negotia
884 3581 1134 3641 aliorum
1182 3581 1453 3640 ordinum
1502 3580 2043 3643 committebantur.

661 3704 813 3765 quae
860 3705 988 3743 cum
1032 3685 1118 3744 ita
1161 3684 1312 3758 sint,
1371 3704 1494 3743 non
1556 3684 1769 3743 mirum
1831 3689 1952 3757 est,
2016 3684 2340 3744 Varronem
2388 3685 2562 3744 nobis
2605 3685 2854 3758 tradere,

491 3790 732 3847 deorum
777 3805 1085 3846 numerum
1131 3807 1251 3846 non
1297 3787 1584 3846 minorem
1631 3787 1815 3847 fuisse
1861 3807 1969 3846 sex
2014 3787 2268 3846 milibus.

660 3911 792 3951 cum
836 3909 978 3951 vero
1025 3889 1198 3950 bellis
1234 3890 1476 3949 Punicis
1519 3889 1709 3950 finitis
1754 3890 1926 3950 simul
1970 3910 2100 3950 cum
2134 3890 2374 3950 Graecis
2404 3891 2631 3950 artibus
2675 3895 2853 3969 atque

485 3995 703 4055 litteris
747 3994 1128 4071 philosophia
1160 3994 1514 4054 Graecorum
1549 3994 1933 4069 immigraret,
1980 4013 2099 4053 non
2144 3994 2320 4069 longe
2352 4000 2588 4070 tempus
2632 3995 2853 4065 aberat,

490 4118 608 4178 quo
665 4097 938 4175 plurimis
997 4098 1237 4155 deorum
1301 4096 1537 4156 illorum
1599 4115 1741 4157 vere
1802 4098 2199 4156 Romanorum
2246 4097 2550 4155 hominum
2612 4094 2851 4170 ingenio

490 4202 863 4272 excultorum
911 4220 1029 4260 non
1076 4199 1264 4266 divini
1297 4201 1673 4263 habebantur
1701 4201 1979 4274 honores,
2010 4201 2166 4283 quod
2199 4205 2645 4283 perspexerant,
2677 4218 2852 4284 quam
