3244 4792
1479 195 1857 258 *7-

659 366 873 439 omnia,
922 386 1074 446 quae
1118 367 1217 427 hic
1260 367 1592 428 summatim
1643 368 1800 428 dicta
1842 374 2011 442 suut,
2073 368 2138 427 in
2200 368 2384 427 altera
2429 369 2860 430 dissertationis

486 474 652 545 parte
710 469 1040 529 accuratius
1099 469 1422 530 describam
1445 516 1460 543 ,
1522 469 1609 529 ita
1665 475 1737 530 ut
1797 471 2161 547 singularum
2229 470 2496 531 classium
2561 473 2862 549 prooemia

485 570 892 647 praemittam,
958 573 1174 652 quibus
1234 573 1306 632 de
1366 573 1840 654 uniuscuiusque
1894 576 2303 652 exemplorum
2364 574 2632 634 classium
2693 575 2858 654 quasi

488 675 842 752 primordiis
886 680 949 735 et
991 676 1272 752 gradibus
1317 675 1651 754 disputabo.

1299 1014 1329 1044 .
1601 946 1757 1034 §3-

660 1090 844 1149 Paulo
898 1088 1227 1149 accuratius
1288 1089 1695 1152 disserendum
1756 1088 1872 1149 erit
1928 1090 1999 1150 de
2042 1088 2259 1161 verbis,
2323 1110 2474 1170 quae
2520 1091 2860 1165 significent

486 1198 701 1253 statum
748 1192 846 1252 vel
889 1191 1327 1265 condicionem,
1392 1196 1453 1252 et
1514 1211 1644 1251 eam
1690 1190 1931 1271 quidem
1979 1193 2053 1252 ob
2100 1184 2366 1265 causam,
2429 1194 2586 1272 quod
2633 1195 2780 1254 haec
2822 1215 2859 1254 a

485 1296 684 1355 verbis
755 1294 1006 1355 actionis
1064 1293 1427 1369 distinguere
1483 1293 1897 1355 difficillimum
1959 1300 2066 1358 est.
2176 1316 2328 1376 quae
2389 1316 2517 1355 cum
2578 1297 2663 1356 ita
2720 1297 2858 1370 sint,

486 1401 660 1459 etiam
722 1398 838 1459 viri
897 1397 1056 1458 docti
1120 1398 1180 1456 in
1247 1397 1650 1457 discernendis
1695 1398 1895 1458 verbis
1937 1416 2222 1475 persaepe
2278 1398 2339 1456 in
2401 1418 2613 1474 magno
2660 1419 2857 1459 errore

486 1501 709 1562 versari
753 1500 1050 1561 videntur.
1138 1501 1341 1579 itaque
1401 1505 1559 1563 certe
1618 1520 1741 1560 non
1786 1519 2289 1577 supervacaneum
2337 1509 2442 1574 est,
2491 1503 2562 1560 de
2605 1503 2857 1562 actionis

486 1607 802 1666 verborum
847 1609 1059 1665 natura
1102 1603 1468 1665 accuratiora
1510 1605 1843 1667 adnotasse.

657 1713 837 1789 atque
879 1713 1021 1768 ante
1067 1708 1265 1768 omnia
1307 1707 1481 1767 nobis
1517 1710 1844 1768 cavendum
1876 1712 1983 1780 est,
2030 1726 2105 1766 ne
2134 1708 2255 1768 vim
2294 1716 2472 1788 atquc
2503 1713 2855 1785 potestatem

489 1813 803 1873 verborum
871 1811 1085 1886 agendi
1169 1810 1479 1871 latioribus
1553 1810 2101 1871 circumscribamus
2167 1811 2403 1870 finibus.
2494 1813 2651 1891 quod
2728 1832 2857 1870 mea

489 1914 769 1992 opinione
831 1914 976 1974 fecit
1036 1913 1293 1973 Haasius
1357 1913 1419 1971 in
1484 1918 1645 1973 tomo
1716 1914 1914 1990 priore
1973 1913 2111 1974 libri
2178 1915 2287 1988 sui,
2350 1914 2452 1993 qui
2513 1913 2858 1974 inscribitur

490 2019 921 2093 „vorlesungen
954 2018 1104 2076 iiber
1131 2015 1481 2076 lateinische
1511 2015 2195 2092 spraehwissensohaft‘fl
2230 2051 2311 2059 —
2358 2016 2630 2095 (Leipzig
2670 2018 2855 2092 1874)

488 2142 586 2198 pg.
620 2128 699 2179 96
732 2142 818 2200 sq.
865 2154 948 2165 —
996 2120 1260 2180 omnia
1304 2120 1504 2179 enim
1548 2120 1822 2192 verba,
1869 2139 2063 2201 quae
2104 2120 2364 2179 tertia
2406 2120 2857 2180 flectuntur

490 2223 1109 2300 coniugatione,
1170 2222 1532 2283 nominat
1592 2223 1842 2284 verba
1901 2223 2286 2296 actionis,
2350 2224 2549 2302 quod
2612 2225 2854 2283 omni-

486 2328 627 2388 bus
672 2326 1176 2406 exprimatur
1220 2332 1506 2400 motus,
1550 2345 1876 2407 eamque
1922 2327 2013 2386 ob
2060 2344 2368 2385 causam
2413 2326 2638 2387 actim

657 2431 931 2512 equidem
978 2431 1220 2491 omnino
1266 2430 1440 2492 aliter
1481 2430 1696 2496 iudico.
1759 2430 1807 2488 si
1853 2430 2013 2492 enim
2058 2431 2130 2490 de
2175 2431 2362 2492 verbo
2409 2429 2661 2491 actionis
2707 2432 2850 2491 dici-

487 2555 633 2608 mus,
678 2534 754 2592 id
802 2534 1234 2609 significet
1277 2552 1592 2595 necesse
1637 2538 1758 2594 est
1803 2534 2218 2605 actionem,
2266 2553 2482 2613 quam
2528 2553 2852 2610 persona

487 2639 865 2717 quaedam
941 2656 1081 2695 sua
1151 2637 1414 2713 ipsius
1484 2637 1917 2697 voluntate
1990 2641 2235 2716 atque
2297 2636 2651 2696 arbitrio
2714 2642 2853 2697 aut

489 2740 824 2800 efficere
868 2744 1005 2800 aut
1049 2760 1196 2799 non
1246 2739 1584 2801 efficere
1646 2740 1852 2800 soleat.
1943 2739 2202 2816 exempli
2266 2740 2455 2813 gratia
2516 2740 2848 2799 considere-

492 2863 618 2903 mus
679 2845 925 2904 verbum
989 2843 1256 2904 serendi:
1317 2843 1598 2908 videlicet
1642 2843 1795 2902 actio
1857 2841 2091 2901 serendi
2146 2842 2273 2902 sine
2320 2841 2476 2914 eius,
2538 2843 2639 2922 qui
2688 2843 2848 2915 serit,

488 2946 790 3007 voluntate
865 2946 994 3005 fieri
1061 2946 1288 3025 nequit.
1399 2947 1582 3005 verbo
1644 2946 1887 3004 cadendi
1956 2949 2163 3007 contra
2227 2945 2479 3021 primum
2547 2966 2664 3005 non
2701 2951 2845 3011 ,tam

488 3049 827 3109 continetur
871 3049 1023 3109 actio
1071 3068 1246 3128 quam
1295 3054 1509 3108 motus.
1585 3049 1761 3106 homo
1808 3048 1985 3120 enim,
2031 3048 2133 3127 qui
2179 3047 2352 3120 cadit,
2399 3069 2516 3106 non
2561 3050 2702 3124 agit,
2748 3051 2847 3109 sed

486 3152 708 3227 patitur
753 3152 998 3233 aliquid.
1047 3151 1257 3210 deinde
1319 3149 1499 3210 huius
1544 3155 1740 3209 motus
1784 3169 1958 3210 causa
2002 3170 2249 3211 movens
2293 3170 2411 3209 non
2459 3159 2550 3210 est
2592 3151 2850 3211 hominis

482 3256 774 3328 voluntas,
822 3256 922 3315 sed
969 3274 1137 3315 casus
1183 3256 1441 3335 quidam.

656 3366 903 3436 apparet
943 3358 1161 3433 igitur,
1225 3358 1472 3419 verbum
1535 3358 1742 3417 cadere
1803 3377 1930 3418 esse
1991 3360 2238 3419 verbum
2284 3357 2535 3417 actionis
2580 3359 2847 3437 nequire.

484 3480 679 3542 neque
740 3462 933 3521 minus
995 3461 1204 3532 elucet,
1265 3461 1411 3520 illud
1471 3463 1718 3522 verbum
1777 3482 1894 3520 non
1942 3462 2276 3538 exprimere
2341 3480 2508 3534 „esse
2567 3462 2627 3520 in
2689 3470 2848 3522 statu

486 3566 737 3645 quodam
785 3564 1300 3645 tranquillitatis“,
1346 3565 1418 3624 cf.
1444 3567 1629 3624 verba
1673 3565 1883 3639 iacere,
1930 3567 2151 3638 sedere,
2196 3564 2288 3637 al„
2336 3583 2487 3646 quae
2532 3565 2624 3625 vis
2668 3575 2847 3645 atque

485 3672 748 3744 potestas
797 3667 1002 3726 Haasii
1046 3667 1267 3727 iudicio
1313 3668 1440 3728 sola
1485 3673 1577 3727 est
1622 3687 1824 3726 eorum
1872 3670 2209 3741 verborum,
2257 3668 2473 3747 quibus
2518 3673 2705 3728 status
2749 3670 2847 3729 vel

484 3770 744 3830 conditio
791 3770 1172 3846 significetur.

654 3874 856 3954 itaque
904 3892 1140 3932 necesse
1186 3879 1292 3946 est,
1339 3874 1673 3945 verborum,
1722 3893 1872 3952 quae
1920 3880 2136 3933 statum
2182 3873 2540 3948 exprimant,
2586 3875 2755 3933 noti
2783 3896 2843 3933 o-

486 3978 608 4036 nis
666 3978 889 4037 fines
951 3979 1271 4052 longius
1314 3980 1853 4054 proferamus,
1899 3976 2013 4034 ita
2056 3983 2141 4035 ut
2194 3982 2509 4050 praeter
2552 3982 2843 4037 statum

487 4080 958 4161 quiescendi
1008 4082 1249 4140 etiam
1299 4080 1888 4154 distinguamus
1942 4079 2173 4158 quasi
2238 4079 2662 4150 evadendi,
2712 4100 2842 4137 mo-

484 4183 721 4246 vendi
782 4189 1092 4248 statum.
1174 4203 1348 4268 quam
1396 4182 1706 4246 continent
1747 4187 1981 4263 praeter
2040 4181 2284 4244 cadendi
2347 4181 2590 4242 verbum
2658 4183 2845 4245 multa
