3244 4792
1422 215 1801 280 ,5,-

429 390 640 464 tinent,
685 391 1021 467 inspicere.»
1089 391 1284 450 minus
1328 392 1595 466 interest,
1643 393 1785 473 quid
1831 393 2045 473 cuique
2087 393 2245 454 intcr
2288 394 2451 471 ipsos
2496 393 2795 452 Ciceronis

429 493 702 573 aequales
747 496 863 554 hoc
908 494 968 552 in
1016 513 1232 570 genere
1277 495 1582 571 proprium
1634 496 1727 568 sit,
1791 496 2088 571 indagare.
2179 516 2297 576 qua
2337 496 2402 555 in
2447 497 2795 576 quaestione

429 597 667 656 interim
713 598 858 657 satis
900 599 1154 670 habebo,
1201 598 1488 659 Varronis
1535 599 1811 676 exempla
1854 599 2305 675 comparavisse.

597 700 813 780 quibus
872 699 1211 776 praemissis
1265 701 1443 778 paulo
1509 701 1807 778 copiosius
1867 702 2151 761 disseram
2214 703 2285 762 de
2347 708 2472 762 tota
2518 702 2794 762 disserta-

426 802 607 863 tionis
651 803 901 863 ratione.

597 906 816 968 etenim
903 907 964 965 in
1033 907 1383 986 quaestione
1449 909 1759 967 tractanda
1820 928 1939 966 non
2007 906 2243 967 Ahleno
2308 908 2664 986 astipulatus
2728 908 2793 966 in

423 1010 836 1070 enumerandis
882 1010 1172 1086 exemplis
1217 1011 1446 1086 priscae
1491 1010 1837 1070 Latinitatis
1870 1011 2123 1070 actionis
2151 1012 2351 1084 verba,
2399 1030 2551 1091 quae
2596 1010 2796 1090 aliqua

421 1112 839 1174 contineantur
883 1113 1289 1186 similitudine,
1337 1112 1589 1188 singulis
1632 1113 2123 1190 comprehendam
2158 1113 2464 1188 classibus,
2508 1114 2612 1173 sed
2656 1116 2792 1172 sub-

420 1218 574 1277 iecta
618 1217 703 1276 rei
750 1217 1024 1292 colligam
1086 1221 1265 1296 atque
1312 1216 1642 1276 discernam
1690 1221 1751 1276 et
1794 1217 1953 1277 inter
1996 1222 2224 1294 septem
2270 1217 2509 1298 quidem
2555 1237 2791 1293 genera,

423 1322 494 1379 de
540 1320 758 1401 quibus
802 1321 961 1379 infra
1003 1319 1334 1380 accuratius
1380 1319 1496 1379 erit
1538 1320 1866 1396 agendum3
1908 1332 2032 1379 'non
2058 1339 2201 1380 vero
2250 1319 2608 1395 distinguam
2655 1321 2791 1380 sub-

421 1425 682 1485 stantiva
725 1426 1019 1483 abstracta
1063 1429 1124 1482 et
1167 1442 1269 1497 ea,
1330 1442 1481 1502 quae
1527 1429 1670 1483 sunt
1713 1429 2004 1497 concreta,
2072 1424 2133 1481 id
2188 1425 2346 1502 quod
2390 1423 2516 1482 fere
2562 1443 2795 1499 semper

418 1528 629 1587 inutile
674 1534 779 1587 est.
869 1532 1048 1607 atque
1108 1546 1174 1585 re
1233 1545 1377 1588 vera
1438 1526 1583 1586 satis
1646 1546 1773 1586 esse
1817 1525 2056 1586 videtur
2099 1545 2417 1602 cognosse,
2478 1546 2788 1584 numerum

419 1630 814 1691 subiectorum
858 1630 979 1704 rei,
1045 1648 1196 1711 quae
1254 1635 1394 1689 sunt
1454 1629 1829 1690 substantiva
1873 1635 2181 1704 concreta,
2242 1648 2372 1688 esse
2432 1648 2789 1706 perparvum

417 1753 558 1811 prae
605 1734 707 1806 eis,
770 1752 922 1814 quae
969 1738 1111 1792 sunt
1154 1732 1529 1793 substantiva
1571 1732 1887 1812 abstracta,
1947 1732 2007 1791 id
2057 1733 2216 1812 quod
2261 1736 2475 1792 natura
2517 1732 2649 1791 fert.
2740 1732 2790 1790 si

415 1857 557 1898 vero
603 1837 792 1913 pluris
837 1837 1104 1909 interest,
1150 1855 1220 1894 ea.
1265 1836 1618 1909 discernere,
1661 1835 1819 1914 quod
1866 1854 2296 1915 nonnunquam
2342 1834 2576 1909 accidit,
2626 1853 2789 1894 occa·

420 1941 645 2000 sionem
693 1959 773 1999 ea·
808 1938 1139 1999 accuratius
1185 1938 1478 1998 tractandi
1523 1938 1782 1999 oblatam
1827 1958 1949 1998 non
1996 1938 2283 1999 omittam.

588 2050 746 2102 tum
790 2043 912 2103 ita
955 2061 1350 2117 superare
1397 2030 1743 2101 conabor
1774 2039 2201 2115 Ahlenum,
2249 2045 2328 2100 ut
2371 2039 2789 2101 historiam

415 2146 644 2226 quasi
688 2147 1022 2222 regulae
1065 2150 1388 2205 nostrae
1436 2144 1904 2205 describam.
1993 2143 2215 2205 etenim
2276 2145 2608 2218 ostendam,
2673 2163 2789 2222 quo

419 2252 611 2326 modo,
658 2251 911 2330 quando,
959 2269 994 2308 a
1039 2250 1254 2328 quibus
1298 2248 1489 2308 initiis
1534 2248 1786 2308 subiecti
1831 2247 1917 2306 rei
1963 2268 2095 2307 cum
2125 2247 2327 2308 verbis
2372 2247 2620 2307 actionis
2653 2268 2790 2308 con-

420 2355 703 2434 iungendi
751 2374 893 2415 usus
937 2352 1016 2414 sit
1061 2357 1323 2427 exortuS,
1369 2357 1432 2413 et
1475 2372 1592 2433 quo
1640 2352 1813 2412 modo
1859 2371 1894 2411 a
1924 2352 2192 2414 Varrone
2238 2356 2300 2412 et
2330 2350 2540 2411 deinde
2570 2352 2791 2413 aCice·

420 2481 563 2521 rone
608 2459 843 2534 longius
887 2457 966 2518 sit
1008 2458 1275 2535 prolatus
1320 2460 1500 2536 atque
1545 2455 1820 2516 excultus
1845 2454 1921 2534 ¹).

591 2563 748 2642 quod
807 2566 875 2621 ut
932 2560 1167 2621 facilius
1227 2559 1526 2637 explicare
1570 2558 1827 2636 possim,
1894 2558 2092 2618 omnia
2137 2559 2412 2636 exempla
2453 2559 2517 2617 in
2563 2563 2789 2637 septem

424 2668 742 2743 segregabo
791 2665 1040 2724 classes:

572 2770 629 2847 1)
675 2769 1000 2845 regulae
1061 2767 1486 2841 neglectae
1531 2766 1936 2843 exempla,
1996 2785 2198 2845 quae
2245 2769 2420 2825 orta
2464 2769 2650 2824 sunt
2694 2785 2789 2824 ex

675 2870 1260 2933 consuetudine
1303 2889 1339 2927 a
1383 2869 1747 2929 Romanis
1790 2869 2313 2949 frequentata
2357 2868 2673 2927 deorum
2718 2874 2788 2930 et

675 2978 985 3035 dearum
1062 2992 1152 3032 ex
1214 2970 1775 3033 substantivis
1845 2971 2295 3031 abstractis
2357 2969 2788 3045 fingendo-

672 3099 850 3140 rum.

846 3183 949 3263 qui
995 3183 1396 3241 Romanorum
1458 3198 1602 3237 usus
1664 3197 1797 3237 cum
1848 3176 2135 3238 latissime
2180 3181 2430 3254 pateret,
2473 3178 2646 3238 facile
2692 3198 2784 3237 ac-

675 3286 871 3347 cidere
915 3284 1127 3361 potuit,
1173 3288 1242 3343 ut
1285 3283 1602 3359 scriptores
1650 3282 1853 3341 eadem
1899 3280 2275 3341 substantiva
2316 3283 2615 3341 abstracta
2659 3288 2782 3341 tum

674 3409 910 3469 quoque
957 3388 1204 3447 subiecti
1251 3387 1381 3446 loco
1426 3390 1737 3463 ponerent,
1798 3384 1846 3445 si
1901 3405 2020 3443 non
2065 3404 2348 3460 personas
2393 3385 2495 3443 sed
2541 3405 2637 3444 rcs
2681 3387 2784 3444 ab·

670 3500 915 3553 stractas
958 3490 1394 3566 intelligebant.
1461 3491 1533 3549 cf.
1581 3490 1775 3548 Plaut.
1822 3489 1984 3548 Pera.
2042 3493 2158 3547 621
2212 3509 2240 3547 s
2267 3488 2586 3549 ervitus
2632 3509 2784 3548 mea

673 3595 755 3655 mi
800 3594 1267 3655 interdixit.

558 3799 604 3867 1)
642 3817 728 3863 per
777 3817 830 3849 se
879 3804 1088 3862 apparet
1134 3814 1212 3847 me
1266 3813 1367 3847 non
1415 3798 1581 3847 omnia
1635 3799 1927 3846 collaturum
1980 3812 2087 3844 esse
2123 3796 2351 3856 exempla
2384 3796 2698 3843 Varroniana
2734 3800 2782 3843 et

416 3889 754 3949 Ciceroniana,
791 3888 832 3935 si
873 3888 933 3933 de
970 3887 1208 3934 Varronis
1250 3891 1299 3932 et
1336 3885 1587 3932 Ciceronis
1636 3883 1831 3930 dicendi
1881 3897 1974 3930 usu
2010 3883 2205 3942 dicam,
2259 3882 2347 3929 sed
2384 3896 2443 3929 ea
2478 3886 2683 3942 tantum,
2720 3898 2781 3930 ex

415 3974 594 4035 quibus
631 3974 751 4021 satis
797 3973 963 4032 colligi
1001 3972 1185 4033 possit,
1225 3971 1436 4018 maxime
1484 3970 1681 4018 differre
1718 3970 2005 4019 Ciceronem
2041 3971 2089 4014 et
2122 3967 2398 4015 Varronem
2432 3973 2482 4015 et
2515 3967 2780 4026 scriptores

412 4077 462 4122 p.
500 4061 556 4105 L.
594 4062 646 4106 in
681 4059 918 4107 subiectis
952 4058 1023 4106 rei
1059 4057 1374 4117 usurpandis,
1428 4056 1719 4117 praesertim
1775 4069 1886 4102 cum
1930 4052 2307 4100 innumerabilis
2343 4052 2409 4100 sit
2444 4054 2777 4114 exemplorum

412 4161 660 4205 numerus,
698 4147 748 4192 id
773 4146 906 4203 quod
939 4144 1149 4191 maxime
1185 4144 1361 4191 attinet
1384 4144 1448 4191 ad
1476 4143 1850 4193 Ciceronianam
1888 4139 2219 4186 Latinitatem.
2272 4123 2416 4185 cuius⁴
2447 4138 2516 4198 rei
2539 4138 2678 4186 testis
2703 4144 2780 4188 est

413 4232 594 4285 Alileni
631 4231 925 4291 dissertatio,
963 4245 1090 4295 quae
1127 4231 1225 4278 iam
1260 4230 1490 4277 volumen
1527 4227 1817 4292 amplissimi
1855 4225 2085 4276 circuitus
2122 4230 2209 4274 est.
