3244 4792
1477 229 1895 293 -20-

745 286 768 314 J

676 397 1131 479 incommoditas,
1178 400 1571 480 ‹mun-odius⁷
1618 401 2047 481 opportunitas:

500 501 739 563 Terent.
786 506 972 564 Andr.
1021 527 1078 566 v.
1129 506 1249 564 567
1299 527 1511 583 nempe
1557 508 2010 566 incommoditas
2067 508 2324 586 denique
2368 508 2483 566 huc
2530 509 2723 568 omnis
2767 529 2871 568 re·

498 606 654 680 dit3
702 642 788 651 —
833 609 1024 669 Plaut.
1075 610 1199 669 Mil.
1250 610 1394 686 glor.
1440 632 1499 672 v.
1543 615 1705 669 1129
1754 612 1908 671 satin
1954 616 2021 670 ut
2065 611 2447 670 commoditas
2492 632 2681 692 usque
2727 632 2871 691 qua-

505 729 622 789 que
668 730 760 770 me
807 712 1171 784 adiuvat;
1217 748 1301 756 ——
1347 713 1661 786 ‚,Pseudol.
1709 734 1762 774 v.
1799 719 1918 773 669
1983 734 2237 794 namque
2283 715 2414 790 ipsa
2460 716 2874 790 opportunitas

502 832 622 872 non
668 835 707 891 p
733 796 867 874 =tuit
910 815 989 873 mi
1037 817 1430 892 opportunius
1469 813 1479 897 Ι
1518 818 1930 879 advenire.

675 947 998 1028 elegantia:

503 1052 694 1112 Plaut.
744 1056 989 1115 Mercat.
1037 1060 1136 1129 20,
1188 1060 1212 1113 1
1266 1057 1412 1116 haec
1458 1057 1808 1136 (elegantia)
1873 1078 1991 1116 non
2056 1058 2243 1117 solum
2291 1058 2479 1132 illum,
2544 1058 2647 1138 qui
2696 1064 2869 1131 amat,

503 1157 603 1214 sed
651 1175 946 1237 quemque
990 1159 1190 1234 attigit
1229 1158 1238 1240 Ι
1277 1144 1490 1236 magno
1550 1167 1729 1240 atque
1798 1162 1984 1220 solido
2050 1160 2332 1221 multat
2376 1161 2739 1235 infortuni03
2789 1197 2873 1205 ——

500 1259 643 1317 ibid.
689 1264 784 1334 18,
821 1264 897 1318 19
945 1281 1081 1319 nam
1127 1281 1386 1322 amorem
1431 1264 1576 1323 haec
1625 1268 1836 1324 cuncta
1878 1265 2027 1324 vitia
2071 1265 2366 1323 sectari
2414 1265 2625 1337 solent,
2666 1261 2675 1346 Ι
2715 1284 2871 1338 cura,

500 1363 830 1437 aegritudo,
880 1365 1183 1445 nimiaque
1228 1367 1541 1441 elegantia.

677 1498 950 1562 fallacia:

501 1604 735 1665 Terent.
783 1607 967 1665 Andr.
1013 1606 1118 1679 IV,
1166 1610 1222 1680 4,
1272 1613 1369 1680 39,
1421 1613 1499 1666 40
1534 1653 1548 1668 .
1583 1652 1597 1667 .
1633 1652 1648 1666 .
1683 1652 1695 1667 .
1741 1607 1976 1667 fallacia
2014 1605 2024 1689 Ι
2065 1607 2179 1666 alia
2224 1607 2396 1666 aliam
2441 1597 2725 1668 trudit.

671 1740 974 1803 famulitas
989 1764 1002 1802 ε

499 1845 645 1905 Acci
690 1847 1102 1905 Andromedae
1161 1868 1217 1909 v.
1269 1852 1387 1906 118
1451 1867 1585 1906 nam
1650 1854 1964 1927 postquam
2027 1841 2242 1924 parvos
2311 1868 2418 1907 nos
2463 1869 2497 1908 o
2513 1868 2552 1925 p
2572 1869 2610 1925 p
2626 1868 2701 1940 re
2719 1870 2747 1909 s
2767 1869 2794 1907 s
2810 1848 2873 1910 it

446 1984 450 1987 -
504 1948 821 2011 famulitas.

680 2102 954 2166 servitus:

503 2208 697 2268 Plaut.
742 2208 978 2268 Asinar.
1028 2214 1151 2267 360
1202 2252 1215 2268 .
1253 2253 1266 2269 .
1300 2253 1315 2269 .
1349 2254 1363 2269 .
1408 2210 1558 2268 istoc
1617 2212 1972 2287 testamento
2034 2210 2288 2270 servitus
2332 2210 2493 2286 legat
2536 2210 2644 2269 tibi
2680 2255 2694 2269 .
2729 2257 2741 2269 .
2778 2258 2791 2270 .
2826 2234 2874 2284 .;

504 2346 588 2355 -—
633 2358 667 2386 ,‚
701 2312 964 2374 Vidular.
1010 2332 1067 2372 v.
1107 2316 1225 2370 123
1272 2312 1571 2371 hominem
1617 2313 1798 2371 semel
1845 2333 2020 2390 quem
2071 2333 2176 2370 usu
2222 2315 2642 2389 surrupuit
2685 2314 2869 2373 servi-

504 2421 602 2476 tus
631 2416 730 2493 1);
778 2450 861 2460 —-
907 2460 941 2489 „
983 2417 1225 2476 Mercat.
1276 2416 1397 2474 674
1463 2420 1522 2475 et
1567 2417 1776 2476 eodem
1821 2416 2135 2476 accedit
2192 2416 2482 2488 servitus;
2543 2450 2619 2459 --
2683 2419 2869 2477 Naev.

501 2518 861 2578 Terentillae
890 2540 946 2579 v.
983 2518 1059 2577 74
1093 2524 1315 2598 quanto
1346 2519 1683 2579 libertatem
1714 2519 1867 2578 hanc
1898 2518 1991 2577 his
2026 2524 2350 2596 superat
2380 2520 2635 2580 servitus
2665 2518 2741 2597 2).

645 2776 697 2840 1)
730 2790 876 2834 quem
901 2774 1160 2835 usurpavit
1184 2788 1314 2823 serv.
1341 2774 1665 2822 Studemund.
1706 2787 1798 2822 usu
1829 2775 2082 2835 surrupuit
2106 2776 2367 2835 temptavit
2391 2777 2663 2836 Winterus,
2703 2790 2870 2836 quem-

505 2863 732 2922 usurupit
766 2864 828 2908 A.

644 2947 696 3011 2)
733 2948 814 2995 hic
836 2948 1033 3007 quidem
1059 2948 1199 2995 locus
1223 2948 1318 2994 huc
1342 2947 1570 3007 pertinet,
1602 2960 1701 2993 non
1727 2960 1847 2994 vero
1869 2960 2038 2993 omnes
2059 2947 2350 3008 locutiones,
2370 2949 2501 3007 quod
2522 2949 2704 3008 duplex
2730 2948 2874 2995 verbi

507 3035 807 3096 ,‚superare“
836 3034 915 3081 vis
947 3039 1021 3082 est
1051 3038 1199 3094 atque
1234 3037 1473 3093 potestas.
1514 3033 1725 3093 primum
1750 3033 1881 3079 enim
1905 3033 2034 3079 idem
2064 3038 2141 3080 est
2159 3048 2217 3081 ac
2241 3047 2516 3095 superesse,
2543 3038 2689 3094 atque
2715 3049 2774 3081 ea
2798 3042 2875 3082 est

506 3121 741 3181 primaria
775 3120 927 3168 notio.
965 3121 1131 3179 itaque
1157 3121 1459 3179 ,‚superare“
1499 3124 1575 3166 est
1599 3118 1824 3178 verbum,
1850 3119 1981 3177 quod
2007 3118 2255 3178 significat
2279 3125 2459 3167 statum
2482 3120 2873 3179 tranquillitatis,

505 3222 803 3268 quamquam
827 3221 918 3253 nos
952 3205 1101 3265 patrii
1137 3206 1378 3254 sermonis
1416 3219 1507 3252 usu
1543 3205 1729 3252 assueti
1766 3205 1914 3251 facile
1951 3205 2052 3251 fere
2077 3219 2272 3265 semper
2296 3205 2639 3265 cognoscimus
2663 3205 2873 3253 actionis

509 3292 735 3341 verbum.
773 3292 983 3352 exempli
1014 3305 1164 3339 causa
1191 3291 1559 3338 consideremus
1576 3290 1952 3350 Amphitruonis
1982 3305 2029 3335 v.
2055 3293 2150 3339 709
2167 3325 2178 3337 .
2299 3305 2417 3337 num
2448 3291 2540 3338 tibi
2565 3296 2650 3338 aut
2668 3292 2876 3339 stultitia

506 3379 714 3426 accessit
761 3383 846 3424 aut
888 3381 1090 3436 superat
1138 3375 1372 3435 superbia
1407 3402 1490 3435 —-,
1545 3390 1690 3435 quem
1728 3380 1923 3422 vertere
1958 3376 2205 3423 solemus:
2243 3410 2276 3436 „
2298 3413 2309 3425 .
2340 3412 2350 3423 .
2379 3409 2392 3422 .
2420 3411 2433 3423 .
2471 3378 2590 3424 oder
2625 3377 2753 3437 siegt
2787 3377 2876 3424 der

508 3466 670 3512 stolz“
708 3490 792 3522 —-,
842 3463 912 3509 ita
960 3467 1014 3509 ut
1067 3461 1211 3508 nobis
1247 3475 1582 3521 proponamus
1618 3460 1829 3507 verbum
1866 3461 2087 3508 actionis.
2160 3465 2376 3509 attamen
2412 3462 2622 3509 Romani
2658 3464 2738 3510 hic
2773 3478 2874 3509 non

508 3555 766 3607 senserunt
798 3548 1006 3611 actionis
1043 3548 1172 3604 vim,
1220 3548 1307 3594 sed
1356 3552 1539 3594 statum
1574 3546 1971 3607 tranquillitatis,
2024 3561 2169 3606 quem
2206 3561 2296 3594 nos
2334 3562 2528 3607 quoque
2565 3548 2748 3609 optime
2790 3563 2873 3595 ex-

508 3637 719 3696 primere
755 3648 1016 3695 possumus
1053 3633 1208 3680 verbo
1247 3633 1362 3691 „die
1400 3632 1655 3680 oberhand
1691 3632 1901 3679 haben“.
1974 3638 2112 3679 tanta
2144 3648 2266 3681 vero
2310 3634 2502 3681 dicendi
2537 3635 2787 3681 accuratio
2824 3636 2874 3681 in

458 3745 469 3755 ·
509 3727 678 3770 nostra
716 3721 885 3780 lingua
934 3734 1033 3766 non
1067 3724 1240 3767 exstat.
1313 3722 1530 3765 attamen
1579 3718 1634 3765 in
1680 3723 1852 3765 nostra
1903 3720 2189 3777 quaestione
2243 3720 2502 3766 tractanda
2548 3721 2723 3767 summi
2770 3735 2874 3766 mo-

509 3808 661 3855 menti
695 3812 783 3864 est,
820 3820 880 3853 ea
916 3805 1053 3853 verbi
1092 3805 1296 3865 propria
1331 3805 1558 3862 retinere,
1610 3809 1666 3851 ut
1717 3809 1847 3852 recte
1898 3805 2185 3864 iudicemus,
2237 3819 2363 3864 quae
2415 3806 2639 3865 exempla
2674 3810 2873 3853 nostrae

478 3894 706 3953 ,regulae
741 3893 843 3940 sint
878 3891 1110 3952 obnoxia,
1147 3905 1272 3949 quae
1309 3905 1425 3937 non.
1462 3917 1525 3926 -
1557 3890 1657 3936 iam
1692 3905 1813 3938 vero
1851 3891 2205 3950 antiquissimis
2241 3892 2543 3951 temporibus
2579 3906 2606 3938 e
2640 3890 2876 3951 primaria

509 3979 650 4028 verbi
686 3979 888 4025 notione
923 3977 1131 4025 actionis
1168 3976 1464 4037 significatio
1503 3976 1729 4024 derivata
1764 3989 1874 4024 esse
1908 3976 2139 4034 videtur,
2192 3978 2279 4024 sed
2316 3977 2399 4038 ita,
2455 3983 2509 4024 ut
2541 3977 2738 4037 saepius
2775 3977 2874 4023 exi-

510 4072 607 4114 stat
642 4064 848 4112 verbum
883 4043 1280 4126 intransitivum,
1332 4064 1462 4122 quod
1501 4063 1631 4109 idem
1682 4063 1785 4109 fere
1834 4063 2001 4110 valeat
2054 4068 2200 4123 atque
2236 4064 2450 4120 evenire,
2495 4063 2774 4123 procedere,
2812 4063 2871 4111 cf.

508 4153 668 4199 Plaut.
709 4152 781 4197 sol
818 4150 1189 4210 superabat
1224 4167 1250 4195 e
1289 4151 1409 4195 mari
1446 4176 1530 4207 —-,
1578 4150 1776 4208 saepius
1828 4149 2138 4196 transitivum
2190 4149 2413 4208 verbum,
2465 4149 2597 4208 quod
2632 4149 2877 4208 significat

510 4238 796 4299 ‚,vincere“.
