3244 4792
1406 216 1832 281 —74ss-

438 390 636 445 turum
682 387 1170 459 absolverit;
1216 422 1299 432 —
1344 390 1463 450 Cic.
1509 390 1723 450 Caecil.
1776 395 1872 455 16.
1923 396 2001 450 52
2048 392 2150 472 qui
2194 392 2397 472 (liber)
2442 393 2491 453 si
2537 401 2595 454 te
2640 400 2803 454 recte

439 508 753 548 monere
797 492 1053 564 volet,
1101 493 1501 563 suadebit3
1550 526 1635 537 —
1678 494 1931 555 ibidem:
1990 496 2131 568 „sed
2195 498 2352 556 hunc
2410 497 2626 556 librum
2674 517 2801 557 esse

438 597 1072 668 responsurum“.

608 746 795 807 cansa,
841 764 925 774 —-
969 730 1246 809 quaestio,
1291 766 1374 776 —
1420 732 1720 811 sententia,
1767 733 2129 796 coniectura:

438 831 556 891 Cic.
601 835 783 892 Acad.
830 835 908 893 II.
962 839 1058 897 15.
1107 841 1186 892 46
1251 855 1384 895 cum
1446 838 1592 895 duae
1657 856 1867 896 causae
1923 818 2251 915 perspicuis
2313 846 2373 899 et
2426 840 2802 901 evidentibus

436 936 614 993 rebus
659 937 805 996 adv
826 942 1227 1010 ersentur;
1276 939 1350 999 cf.
1397 939 1518 999 Sul.
1552 946 1609 998 6.
1661 945 1775 1013 20;
1822 974 1905 984 —
1950 943 2083 1001 Fin.
2119 943 2188 1001 V.
2225 949 2280 1001 8.
2314 948 2392 1001 23
2440 962 2573 1001 cum
2606 943 2799 1001 omnis

436 1039 584 1097 haec
642 1040 910 1118 quaestio
971 1074 1054 1083 —-
1114 1042 1186 1099 ab
1250 1060 1320 1100 eo
1380 1043 1999 1118 proficiscatur,
2063 1046 2218 1124 quod
2268 1092 2280 1105 .
2315 1092 2327 1104 .
2362 1067 2457 1116 ..3
2503 1078 2586 1088 —
2646 1047 2799 1106 Mur.

440 1146 535 1200 31.
587 1146 664 1199 65
725 1142 841 1199 nisi
906 1143 1258 1202 sententiam
1326 1146 1621 1204 sententia
1687 1145 1802 1203 alia
1855 1148 2120 1207 viceri
2142 1155 2199 1218 t;
2256 1181 2340 1191 ——-
2405 1149 2565 1207 Post.
2614 1153 2667 1206 6.
2725 1153 2797 1207 13

439 1245 683 1302 acerbae
716 1245 1062 1319 sententiae,
1087 1265 1238 1325 quae
1269 1266 1410 1306 cen
1431 1268 1457 1305 s
1477 1267 1599 1306 ere
1619 1269 1656 1304 n
1676 1257 1732 1322 t;
1754 1294 1768 1308 .
1804 1292 1818 1307 .
1852 1295 1865 1308 .
1899 1270 2052 1321 .;—
2072 1249 2309 1312 Div.II.
2335 1253 2433 1310 70.
2470 1255 2586 1309 144
2619 1251 2800 1309 inter-

436 1352 668 1424 pretum
754 1347 1126 1408 coniecturae
1215 1370 1413 1408 nonne
1504 1351 1690 1426 magis
1765 1352 2003 1427 ingenia
2092 1356 2125 1411 d
2146 1354 2464 1413 eclaran
2485 1360 2511 1412 t
2598 1374 2798 1412 eorum

437 1470 609 1529 quam
655 1470 795 1512 vim.

609 1603 882 1648 numerus
925 1623 1011 1631 —-
1055 1588 1287 1668 nuptiae
1332 1624 1414 1633 —
1461 1594 1648 1651 onus:

436 1689 573 1752 Var.
619 1692 691 1748 de
735 1691 878 1765 ling.
926 1694 1056 1751 Lat.
1103 1693 1204 1752 lib.
1238 1693 1350 1766 IX,
1398 1693 1429 1771 ἓ
1466 1699 1543 1752 82
1594 1739 1608 1753 .
1640 1738 1652 1750 .
1687 1741 1700 1754 .
1735 1738 1750 1754 .
1796 1696 2045 1769 numeri,
2092 1696 2194 1775 qui
2241 1716 2340 1755 aes
2385 1717 2504 1755 non
2552 1696 2800 1770 signi·

433 1792 492 1850 fi
513 1813 645 1852 can
666 1799 727 1864 t;
755 1829 840 1836 —
871 1795 1047 1853 huius
1079 1808 1241 1854 ortus
1288 1796 1572 1872 signifi
1593 1805 1708 1856 cat
1752 1799 1986 1858 circiter
2016 1818 2145 1858 esse
2178 1805 2498 1858 extremam
2532 1808 2797 1873 noctem;

434 1930 517 1939 —
547 1942 580 1969 ‚‚
613 1904 720 1958 sat.
753 1898 979 1973 Menip.
1012 1898 1433 1972 ,‚Sexagessis“
1466 1903 1581 1958 501
1637 1908 1777 1959 tunc
1822 1902 2063 1977 nuptiae
2107 1903 2183 1961 vi
2205 1903 2238 1959 d
2261 1903 2347 1960 eb
2369 1911 2500 1962 ant
2546 1908 2798 1961 ostream

435 1999 750 2058 Lucrinam
778 2002 854 2079 ¹).

1361 2465 1710 2540 Classis
1761 2468 1854 2540 V.

602 2656 695 2713 Ad
729 2674 816 2727 ea,
849 2674 999 2733 quae
1030 2655 1103 2714 de
1135 2656 1378 2734 quintae
1409 2654 1610 2714 classis
1642 2656 2045 2732 exemplorum
2082 2676 2296 2729 genere
2329 2658 2471 2731 dixi,
2505 2658 2793 2717 nonnulla

431 2758 767 2816 adnotanda
811 2763 968 2816 sunt.
1029 2778 1241 2834 magna
1286 2759 1442 2816 enim
1489 2758 1724 2834 saepius
1774 2759 2011 2819 exsistit
2055 2761 2410 2819 diiudicandi
2458 2761 2792 2835 difficultas,

429 2868 627 2920 utrum
675 2866 919 2939 quartae
964 2861 1134 2920 classi
1180 2862 1514 2920 adscribere
1560 2861 1832 2921 malimus
1864 2863 2200 2938 exemplum
2243 2883 2316 2920 an
2350 2865 2611 2942 quintae.
2678 2883 2796 2943 qua

428 2963 494 3022 in
541 2965 886 3043 quaestione
931 2965 1302 3022 retinendum
1351 2973 1456 3037 est,
1503 2983 1577 3022 ne
1620 2965 1794 3041 plura
1839 2966 2111 3041 exempla
2157 2965 2398 3045 quintae
2443 2967 2614 3025 classi
2657 2969 2791 3026 sub·

428 3067 770 3142 iungantur,
816 3068 916 3126 sed
963 3086 1033 3125 ea
1076 3072 1339 3143 tantum,
1401 3086 1551 3146 quae
1611 3079 1897 3144 persaepe
1955 3068 2209 3143 repetita
2266 3078 2432 3142 sunt,
2490 3070 2576 3128 ita
2618 3075 2685 3128 ut
2728 3070 2790 3127 in

430 3189 633 3228 eorum
696 3170 1115 3228 innumerabili
1181 3189 1425 3228 numero
1496 3170 1719 3245 optimo
1783 3171 1911 3229 iure
1975 3172 2081 3229 niti
2143 3172 2331 3246 possit
2391 3172 2611 3247 opinio,
2676 3192 2792 3252 qua

429 3272 731 3345 sumimus,
776 3273 892 3332 iam
940 3267 1184 3331 cessisse
1225 3273 1290 3330 in
1337 3274 1820 3332 consuetudinem
1879 3274 2006 3332 eius
2048 3275 2205 3331 modi
2251 3275 2551 3346 formulas,
2597 3296 2791 3354 neque

429 3395 784 3455 quemquam
845 3376 1065 3435 sentire
1109 3376 1358 3434 actionis
1401 3376 1569 3435 verbi
1616 3376 1954 3451 primariam
1999 3377 2120 3435 vim
2178 3383 2357 3455 atque
2418 3383 2790 3452 potestatem,

428 3480 528 3536 sed
575 3498 806 3556 semper
849 3478 1242 3537 modificatam
1288 3478 1591 3536 notionem
1639 3484 1775 3537 ante
1822 3479 2083 3537 omnium
2127 3479 2351 3539 versari
2400 3481 2615 3539 oculos.

601 3601 775 3660 quam
822 3582 1064 3640 classem
1113 3601 1234 3639 non
1279 3601 1405 3639 esse
1450 3581 1857 3656 gravissimam
1919 3583 1982 3639 in
2027 3601 2092 3640 re
2138 3590 2356 3657 nostra,
2404 3604 2606 3642 omnes
2651 3604 2790 3643 con-

429 3685 657 3744 cedent.
744 3684 948 3762 itaque
1007 3703 1039 3741 e
1084 3683 1285 3743 multis
1344 3683 1521 3742 huius
1565 3683 1767 3743 classis
1825 3685 2114 3761 exemplis
2160 3704 2228 3743 ea
2270 3687 2641 3761 potissimum
2687 3687 2789 3745 eli-

429 3806 593 3860 gam,
654 3805 805 3864 quae
867 3791 1128 3845 nostram
1188 3791 1432 3846 movent
1487 3786 1936 3845 admirationem
2002 3807 2133 3845 cum
2193 3794 2437 3863 propter
2492 3790 2790 3848 insolitam

426 3889 594 3948 verbi
639 3890 760 3949 vim
805 3888 1091 3948 variatam
1135 3894 1263 3948 tum
1308 3894 1554 3965 propter
1597 3889 1769 3964 signa
1812 3891 2099 3970 quae-dam
2132 3892 2388 3967 propria,
2436 3911 2586 3970 quae
2618 3891 2790 3950 nobis

429 3993 593 4072 quasi
641 3992 903 4051 notionis
947 3992 1315 4052 modificatae
1359 3992 1666 4051 historiam
1716 3994 2052 4052 ostendunt.
2128 3996 2446 4053 earundem
2494 3995 2791 4074 quaestio-

569 4220 620 4282 1)
660 4216 868 4262 fortasse
902 4214 1045 4278 coqui
1083 4215 1163 4262 vel
1199 4214 1396 4275 gulonis
1434 4217 1509 4263 est
1544 4229 1600 4261 ea
1637 4216 1833 4263 locutio.
