3244 4792
1438 915 1740 1008 ἪΤΑ.

592 1134 658 1191 F.
692 1132 1020 1192 Guilelmus
1051 1133 1214 1192 Bock
1258 1141 1433 1193 natus
1466 1154 1593 1192 sum
1626 1135 2011 1208 Coesfeldiae,
2042 1136 2108 1193 in
2141 1134 2358 1212 oppido
2398 1133 2782 1205 Guestfaliae,

422 1257 579 1295 anno
614 1237 816 1294 LXIV
848 1237 907 1294 h.
941 1257 984 1295 s.
1020 1236 1167 1313 prid.
1202 1237 1326 1299 Cal.
1358 1238 1490 1297 Oct.
1536 1244 1707 1313 patre
1742 1238 2023 1311 Antonio,
2067 1245 2255 1297 matre
2304 1237 2494 1297 Maria
2539 1258 2571 1296 e
2603 1242 2782 1311 gente

421 1340 757 1399 Fluechter.
824 1340 1001 1397 fidem
1044 1341 1334 1417 profiteor
1379 1341 1755 1400 catholicam.
1825 1341 2034 1418 primis
2077 1340 2413 1400 litterarum
2472 1339 2781 1398 elementis

420 1444 684 1501 imbutus
730 1461 886 1501 anno
920 1440 1199 1501 LXXIII
1241 1444 1306 1500 in
1352 1443 1727 1520 gymnasium
1759 1444 2516 1519 Coesfeldiense'receptus
2562 1462 2690 1501 sum
2723 1449 2782 1502 et

420 1566 530 1624 per
575 1565 788 1611 novem
837 1550 1026 1604 annos
1088 1551 1149 1605 et
1208 1565 1315 1603 sex
1372 1530 1604 1621 menses
1662 1552 1855 1605 totum
1916 1546 2041 1605 eius
2104 1555 2340 1606 cursum
2405 1544 2650 1605 absolvi.
2698 1558 2780 1588 --’

422 1668 579 1707 anno
627 1648 972 1707 LXXXIII
1033 1636 1392 1707 maturitatis
1420 1654 1425 1661 '
1455 1648 1862 1707 testimonium
1926 1650 2175 1724 adeptus
2236 1647 2615 1724 philologieis
2660 1654 2781 1706 stu·

423 1752 536 1810 diis
582 1752 642 1810 in
691 1752 991 1810 academia
1034 1750 1494 1811 Monasteriensi
1554 1770 1664 1827 per
1723 1751 1813 1811 bis
1861 1771 1966 1811 sex
2012 1758 2241 1811 menses
2286 1771 2377 1808 me
2424 1751 2573 1809 dedi.
2651 1770 2782 1809 cum

422 1855 635 1913 deinde
679 1855 1052 1934 insequentis
1098 1853 1242 1913 anni
1289 1860 1513 1913 aestate
1558 1853 2048 1927 universitatem,
2112 1873 2261 1933 quae
2308 1860 2397 1912 est
2453 1854 2518 1912 in
2564 1853 2781 1930 oppido

423 1958 659 2031 Giessa,
727 1963 788 2017 et
847 1957 1044 2016 hieme
1111 1956 1374 2015 eiusdem
1437 1956 1580 2016 anni
1650 1957 2097 2016 Berolinensem
2166 1956 2619 2016 universitatem
2665 1957 2783 2014 fre-

425 2067 820 2139 quentassem,
864 2061 1131 2138 Lipsiam
1176 2080 1268 2118 me
1311 2059 1551 2132 contuli,
1604 2059 1706 2117 ubi
1765 2059 1994 2118 civibus
2048 2058 2783 2134 academicis-adscriptus

422 2184 609 2243 usque
663 2165 735 2222 ad
796 2185 979 2222 mens.
1027 2165 1157 2223 Ian.
1204 2164 1345 2222 anni
1394 2162 1731 2221 LXXXIX
1798 2168 2271 2233 versatussum,
2337 2182 2453 2242 quo
2516 2169 2784 2237 tempore
2845 2181 2849 2186 ·

425 2267 539 2329 hac
584 2287 716 2325 mea
754 2266 1180 2325 *dissertatione
1224 2264 1445 2324 tradita
1490 2284 1768 2337 examen,
1830 2264 2153 2323 utsummi
2202 2266 2346 2323 mihi
2413 2266 2475 2322 in
2522 2264 2785 2342 philoso-

421 2369 567 2448 phia
610 2371 866 2429 honores
912 2368 1027 2429 rite
1073 2370 1552 2440 concederentur,
1599 2367 1896 2443 superavi.

592 2473 873 2532 docentes
955 2472 1155 2533 audivi
1235 2493 1343 2549 per
1416 2467 1604 2530 totum
1679 2471 1740 2528 id
1814 2478 2047 2547 tempus
2128 2472 2289 2530 viros
2352 2470 2785 2529 illustrissimos

421 2575 795 2652 Hagemann‚
857 2576 1119 2648 Langen,
1181 2577 1436 2647 Parmet,
1496 2571 1698 2646 stam,
1760 2573 1972 2632 Storck
2018 2569 2438 2651 (Monasterii),
2499 2574 2783 2651 Philippi,

421 2677 691 2735 Schmidt
749 2677 1071 2756 (Giessae),
1137 2680 1202 2739 E.
1250 2677 1488 2738 Curtius
1502 2720 1519 2749 ,
1578 2677 1869 2748 Lazarus,
1937 2676 2277 2748 Michaelis,
2336 2675 2590 2735 Scherer
2647 2677 2782 2752 (Be-
2862 2662 2868 2667 ’

423 2779 659 2856 rolini),.
694 2780 760 2839 G.
810 2780 1068 2853 Curtius,
1115 2780 1412 2853 Hanssen,
1460 2778 1852 2849 Hildebrand,
1901 2780 2159 2858 Lipsius,
2204 2779 2489 2851 Ribbeck,
2534 2780 2782 2839 Wachs-

421 2884 609 2956 muth,
640 2882 903 2943 Zarncke
933 2882 1244 2961 (Lipsiae).
1291 2917 1371 2926 —
1418 2882 1564 2941 duos
1609 2903 1719 2960 per
1762 2881 2296 2942 annos-societatis
2342 2880 2783 2941 Ribbeckianae

423 2985 638 3046 sodalis
682 2987 786 3046 fui.
1582 3053 1585 3056 Δ

596 3088 810 3165 quibus
872 3087 1143 3147 omnibus
1199 3088 1346 3147 viris
1404 3088 1595 3148 doctis
1641 3087 1862 3160 gratias
1907 3107 2018 3161 ago
2067 3106 2243 3167 quam
2291 3089 2607 3159 maximas,
2672 3087 2781 3145 im-

421 3191 630 3268 primis
665 3211 808 3254 vero
833 3191 901 3250 Ο.
928 3191 1289 3264 Ribbeckio,
1315 3190 1416 3269 qui
1464 3190 1659 3249 studia
1690 3211 1820 3249 mea
1866 3210 2100 3265 semper
2143 3209 2370 3247 summa
2413 3189 2782 3264 benignitate

420 3294 576 3353 fovit
629 3300 689 3372 et
752 3315 844 3353 me
900 3295 967 3372 in
1029 3295 1142 3353 hac
1199 3293 1615 3352 dissertatione
1673 3293 2100 3352 conscribenda
2159 3291 2405 3354 consilio
2444 3313 2557 3351 -suo
2603 3293 2782 3366 bene-⁴

422 3396 828 3456 volentissime
872 3396 1118 3457 adiuvit.
1718 3421 1748 3460 ι.μ
1779 3419 1785 3459 ;
1834 3441 1848 3463 .,
1879 3440 1912 3476 ὃς
1965 3441 2042 3478 ἡ

1512 3481 1567 3652 ζ
1611 3510 1976 3620 &Miglis-,55¹5
2149 3535 2152 3536 ⁷

1557 3654 1660 3714 §Af-s
1695 3695 1730 3710 7⁴
1804 3611 2084 3712 'ib—'‘1335:

1621 3705 1729 3752 ‘⁸⁸:22‘
1759 3733 1792 3752 π..
1819 3743 1826 3752 ,,

756 4270 1120 4313 Εῐοωωωιηεοὴο
1149 4259 1499 4312 Buchdruckerei
1528 4270 1818 4319 &Hermann
1845 4266 2031 4348 Pohle)
2059 4267 2106 4305 in
2132 4267 2254 4308 dena.
2290 4287 2340 4294 --
2366 4268 2443 4307 682
