3244 4792
1466 184 1852 255 .-4-,

644 364 737 424 cui
783 365 870 424 rei
913 370 981 426 ut
1024 364 1407 439 satisfaceret,
1454 367 1517 425 C.
1548 364 1823 427 Ahlenus
1866 365 1929 424 in
1961 365 2378 426 dissertatione
2409 385 2514 425 sua
2558 368 2671 439 „de
2700 367 2838 426 sub-

472 467 642 527 iectis
701 468 788 526 rei
847 470 1002 544 apud
1067 469 1411 528 Ciceronem
1475 489 1605 529 cum
1651 471 1880 541 verbis,
1944 488 2096 547 quae
2140 469 2434 528 actionem
2481 468 2838 544 significant,

473 571 844 630 coniunctis“
888 571 1195 648 (Upsaliae
1246 573 1433 649 1877)
1497 572 1745 632 multum
1793 591 2007 648 operae
2071 576 2132 631 et
2190 572 2412 631 laboris
2457 573 2840 647 consumpsit,

473 679 542 732 ut
586 672 1105 733 Ciceronianorum
1153 675 1560 749 exemplorum
1608 694 1882 749 magnam
1928 674 2046 733 vim
2095 676 2413 734 conferret.

647 796 799 855 quae
863 777 1198 837 dissertatio
1263 797 1620 857 quamquam
1682 797 1803 836 non
1862 777 2093 837 inutilis
2156 783 2263 849 est,
2326 785 2522 838 tamen
2569 775 2841 837 Ahlenus

474 880 765 956 exemplis
811 880 997 955 magis
1043 881 1404 941 coacervatis
1450 900 1628 959 quam
1676 880 1946 940 discretis
2007 901 2128 940 non
2174 881 2423 940 multum
2469 880 2618 939 lucis
2663 899 2842 959 quae-

476 982 658 1041 stioni
703 981 990 1055 attulisse,
1038 983 1140 1042 sed
1187 983 1387 1060 potius
1431 986 1709 1043 tenebras
1755 984 2039 1042 offudisse
2073 984 2216 1041 mihi
2248 984 2503 1044 videtur.
2570 983 2843 1060 inprimis

475 1104 607 1143 mea
651 1085 890 1164 quidem
951 1086 1232 1162 opinione
1293 1087 1479 1145 multo
1525 1087 1737 1147 melius
1781 1093 1984 1146 nostra
2029 1088 2100 1146 de
2144 1107 2209 1146 re
2256 1086 2500 1147 meritus
2544 1092 2732 1157 esset,
2794 1085 2843 1144 si

472 1187 533 1246 id
598 1189 895 1265 copiosius
955 1190 1380 1266 proposuisset,
1452 1196 1821 1269 quantopere
1892 1197 1953 1250 et
2015 1210 2133 1269 quo
2179 1191 2353 1249 modo
2399 1190 2736 1265 discrepent
2779 1189 2842 1246 in

475 1291 682 1366 regula
728 1294 1098 1353 observanda
1140 1293 1306 1353 varia
1338 1293 1641 1353 Ciceronis
1685 1294 2038 1370 scriptorum
2086 1313 2334 1368 genera3
2382 1312 2555 1372 quam
2605 1292 2841 1371 quidem

477 1395 885 1474 quaestionem
929 1395 992 1455 in
1038 1397 1406 1471 praefatione
1454 1416 1552 1473 pg.
1599 1403 1635 1454 6
1687 1396 1890 1473 paucis
1934 1395 2326 1473 praestrinxit
2387 1415 2581 1476 neque
2644 1400 2843 1453 tamen

411 1500 415 1503 ’
479 1499 762 1559 absolvit.

1590 1854 1747 1942 §a

717 2016 833 2088 De
881 2036 1099 2088 meae
1152 2014 1716 2088 dissertationis
1771 2015 2091 2088 consilio
2146 2018 2227 2087 et
2278 2015 2603 2148 ratione.

650 2220 871 2280 Ahleni
935 2222 1349 2282 dissertatione
1407 2221 1839 2301 qualiscunque
1891 2225 1982 2279 est
2026 2219 2170 2278 mihi
2217 2218 2464 2279 materia
2509 2221 2849 2294 praebetur,

480 2329 547 2384 ut
590 2325 667 2398 id,
716 2325 874 2405 quod
920 2325 1066 2383 mihi
1113 2325 1413 2402 proposui,
1460 2325 1534 2383 ad
1578 2324 1757 2383 finem
1803 2324 2024 2401 possim
2070 2324 2414 2399 perducere.

648 2447 817 2503 agam
862 2428 1021 2487 enim
1065 2430 1268 2487 eadem
1315 2429 1388 2486 de
1431 2448 1515 2488 re.
1603 2429 1706 2486 sed
1752 2427 2248 2504 proficiscar
2293 2446 2328 2483 a
2371 2426 2644 2502 prisco
2691 2445 2848 2484 ser-

479 2550 700 2590 mone
746 2530 1073 2604 Latino‚
1136 2537 1218 2590 et
1277 2533 1890 2608 perscrutabor,
1962 2536 2339 2607 quantum
2384 2528 2572 2587 illic
2613 2529 2848 2589 valu-

478 2634 636 2693 erit
678 2640 1220 2709 praeceptum3
1268 2640 1425 2693 tum
1471 2634 1763 2692 demum
1809 2633 2078 2707 copiis
2109 2629 2610 2691 Ahlenianis
2657 2651 2846 2689 usus

480 2737 957 2813 comparabo
1003 2736 1630 2816 Ciceronianam
1679 2735 2231 2794 Latinitatem.

648 2859 823 2918 quam
869 2840 1160 2899 tractandi
1206 2839 1497 2898 rationem
1547 2839 1857 2897 defendam
1903 2838 2010 2897 vix
2055 2857 2204 2913 opus
2248 2843 2355 2896 est.
2429 2855 2686 2916 namque
2733 2836 2846 2894 nisi

476 2943 761 3019 temporis
806 2961 1152 3018 progressus
1193 2942 1486 3000 rationem
1530 2943 1850 3014 habemus,
1914 2940 2279 3020 quaestionis
2326 2941 2634 2999 institutae
2694 2958 2847 3017 quae

479 3046 558 3105 sit
616 3045 710 3106 vis
772 3049 952 3125 atque
1000 3051 1276 3121 potestas,
1339 3045 1676 3122 perspicere
1745 3065 1863 3103 non
1925 3063 2253 3119 possumus.
2344 3042 2395 3101 si
2438 3062 2579 3104 vero
2626 3062 2845 3113 omncs,

480 3147 583 3228 qui
628 3150 872 3207 fuerunt
928 3154 1067 3207 ante
1111 3143 1453 3207 Ciceronem
1501 3148 1855 3223 scriptores,
1912 3147 1977 3205 in
2024 3147 2510 3221 disceptationem
2556 3164 2844 3216 vocarem,

477 3252 725 3311 materia
768 3249 946 3309 latius
991 3256 1223 3326 pateret
1288 3256 1348 3309 et
1392 3250 1631 3308 maioris
1677 3255 1834 3310 esset
1877 3249 2115 3308 laboris.
2206 3248 2497 3323 angustiis
2542 3253 2848 3323 praeterea

479 3353 913 3413 dissertationis
974 3353 1451 3430 circumscriptus
1511 3372 1545 3410 a
1606 3373 1697 3411 me
1756 3353 2077 3428 impetrare
2123 3371 2243 3409 non
2289 3371 2548 3428 possum,
2611 3356 2679 3409 ut
2721 3370 2844 3408 rem

478 3462 662 3516 totam
707 3456 1016 3516 absolvere
1060 3474 1257 3514 coner.
1348 3475 1540 3533 neque
1605 3473 1736 3513 mea
1791 3454 2072 3530 opinione
2133 3454 2373 3513 omnino
2438 3473 2674 3512 necesse
2720 3473 2848 3513 esse

478 3559 731 3630 videtur,
779 3558 849 3616 ad
897 3577 1029 3615 eum
1077 3557 1255 3616 finem
1304 3556 1715 3636 quaestionem
1759 3563 2025 3616 nostram
2071 3576 2165 3615 me
2209 3558 2549 3632 perducere.
2626 3556 2844 3615 etenim

478 3662 540 3719 id
585 3661 798 3721 summi
860 3661 1140 3720 momenti
1189 3666 1311 3733 est,
1359 3679 1598 3731 eruere,
1663 3680 1781 3739 quo
1829 3661 2000 3719 modo
2042 3680 2183 3718 usus
2229 3660 2455 3735 priscae
2502 3657 2846 3717 Latinitatis

480 3763 746 3824 subiecta
806 3764 893 3822 rei
951 3763 1274 3839 usurpandi
1341 3762 1578 3822 differat
1641 3782 1676 3821 a
1720 3763 2146 3823 consuetudine
2192 3762 2626 3833 Ciceronianae,
2696 3780 2846 3841 quae

479 3873 742 3944 vocatur,
787 3866 1147 3928 Latinitatis.
1209 3868 1366 3945 quod
1410 3885 1589 3941 grave
1649 3887 1862 3925 munus
1908 3865 2259 3942 suscipiam,
2323 3884 2679 3944 quamquam
2726 3884 2844 3921 non

482 3990 611 4029 sum
655 3970 916 4045 ignarus,
965 3970 1171 4048 quanti
1219 3971 1450 4029 sudoris
1496 3970 1589 4042 sit,
1655 3989 1859 4029 omnes
1904 3990 2025 4028 non
2071 3968 2260 4028 solum
2308 3968 2568 4027 omnium
2616 3968 2845 4043 priscae

481 4073 823 4132 Latinitatis
867 4073 1219 4148 scriptorum
1267 4074 1450 4132 libros
1497 4092 1820 4151 eorumque
1851 4074 2200 4146 fragmenta,
2247 4091 2398 4150 quae
2444 4072 2514 4129 ad
2563 4090 2670 4127 nos
2715 4087 2845 4143 per-

481 4195 729 4251 venere,
791 4176 1185 4253 perscrutari,
1249 4196 1454 4235 verum
1501 4177 1681 4235 etiam
1724 4175 2164 4252 inscriptiones,
2211 4181 2505 4253 quatenus
2551 4175 2667 4231 huc
2710 4189 2846 4249 per-
