3244 4792
1400 197 1830 267 „13-.

437 379 614 451 pente
660 375 1042 448 reddidit;
1088 408 1172 419 —
1219 378 1286 435 L.
1333 378 1552 436 Aemil.
1601 376 1767 435 Paul.
1820 378 2042 435 Maced.
2108 382 2256 434 orat.
2321 378 2478 452 apud
2537 396 2677 454 pop.
2741 374 2815 434 de

438 479 557 537 reb.
605 484 714 537 etc.
761 480 944 552 gestis
990 480 1062 538 cf.
1108 479 1240 539 Liv.
1287 484 1388 551 45,
1438 485 1520 538 40
1554 527 1571 541 .
1603 525 1618 539 .
1650 526 1665 538 .
1700 523 1713 535 .
1762 481 1963 558 itaque
2011 480 2475 538 defunctam
2523 498 2651 539 esse
2694 481 2813 537 for-

438 588 640 639 tunam
704 581 1000 657 publicam
1063 602 1194 640 mea
1257 592 1375 640 tam
1421 582 1642 658 insigni
1689 582 2057 654 calamitate3
2116 582 2269 640 Enn.
2317 583 2514 642 annal.
2558 582 2661 643 lib.
2709 582 2814 655 VI,

439 703 493 743 v.
531 689 650 742 205
699 704 949 763 quornm
995 685 1240 744 virtutei
1286 685 1428 744 belli
1472 686 1715 744 fortuna
1759 686 2146 762 pepercit.
2186 722 2253 730 —
2299 687 2810 762 Var.sat.Menip.

437 789 867 863 „Marcopolis“
912 787 1076 867 [περι
1121 786 1332 864 αρχης]
1380 794 1501 847 288
1548 789 1773 846 nemini
1820 790 2060 848 fortuna
2105 810 2348 849 currum.
2387 810 2421 847 a
2453 809 2688 849 carcere
2720 791 2812 847 in-

440 892 583 949 timo
647 891 887 949 missum
943 890 953 969 Ι
1002 891 1121 950 labi
1182 890 1541 950 inoffensum
1620 911 1730 967 per
1786 911 2009 971 aequor
2082 895 2394 952 candidum
2459 895 2532 951 ad
2597 892 2812 952 calcem

441 993 746 1071 sivitl).

608 1111 768 1172 fers:

439 1216 556 1275 vid.
604 1218 757 1277 Eun.
805 1218 1001 1278 annal.
1045 1218 1146 1277 lib.
1196 1221 1299 1292 IV,
1348 1224 1491 1292 203,
1539 1225 1575 1275 4
1637 1238 1823 1277 vosne
1882 1219 2092 1280 velit
2137 1239 2212 1278 an
2258 1239 2352 1278 me
2397 1240 2649 1296 regnare
2694 1240 2811 1295 era,

443 1320 660 1396 quidve
706 1321 918 1378 ferat
960 1323 1101 1395 fore,
1159 1320 1168 1401 Ι
1221 1323 1445 1382 virtute
1491 1323 1902 1399 experiamur3
1962 1323 2036 1381 cf.
2086 1322 2324 1384 Terent.
2370 1325 2610 1383 Phorm.
2655 1326 2703 1397 1,
2755 1332 2810 1397 2,

445 1426 557 1494 883
603 1468 637 1494 „
684 1423 902 1500 Hecyr.
937 1425 1053 1496 111,
1088 1430 1143 1495 3,
1186 1429 1289 1497 103
1335 1425 1523 1483 Lucil.
1571 1433 1678 1485 sat.
1710 1426 1815 1484 lib.
1844 1425 2029 1497 XIII,
2061 1445 2119 1485 v.
2156 1430 2233 1495 43
2281 1426 2422 1485 Acci
2474 1427 2813 1501 „Erigone“

440 1526 481 1584 f.
511 1545 570 1586 v.
607 1530 681 1583 54
731 1527 830 1584 sed
877 1527 974 1585 ubi
1023 1528 1096 1585 ad
1141 1527 1321 1585 finem
1366 1536 1613 1588 ventum
1662 1536 1783 1600 est,
1856 1548 1973 1607 quo
2019 1528 2186 1587 illum
2234 1529 2356 1589 fors
2400 1536 2812 1608 exspecta-

442 1630 575 1687 bat
617 1627 867 1704 10002);
913 1663 997 1672 -
1042 1630 1306 1688 eiusdem
1354 1631 1603 1689 Medeae
1649 1652 1706 1692 v.
1759 1636 1877 1690 422
1925 1632 2047 1690 fors
2092 1633 2574 1692 dominatur.

610 1746 732 1808 ius:

444 1853 519 1911 cf.
564 1853 718 1911 Enn.
764 1852 1080 1926 „Hectoris
1126 1853 1319 1912 lutra“
1366 1854 1406 1912 f.
1451 1874 1512 1914 v.
1567 1858 1681 1912 161
1733 1853 1826 1913 ius
1870 1861 2049 1933 atque
2110 1874 2365 1933 aequum
2426 1874 2490 1914 se
2549 1875 2584 1913 a
2642 1857 2813 1915 malis

444 1956 769 2032 spernit
813 1957 1038 2032 procul.

614 2073 799 2135 salus:

443 2180 563 2239 vid.
629 2181 821 2239 Plaut.
888 2181 1056 2256 Oapt.
1106 2186 1226 2239 524
1290 2200 1488 2260 neque
1549 2180 1667 2239 iam
1728 2182 1885 2241 salus
1948 2202 2274 2243 servare
2335 2184 2381 2241 si
2448 2183 2656 2257 volt,
2718 2202 2811 2243 me

443 2289 674 2359 potest3
719 2330 752 2355 „
800 2283 1136 2357 cistel.1v,
1171 2289 1227 2347 2.
1264 2285 1376 2358 76;
1425 2319 1505 2328 -
1551 2329 1586 2358 „
1636 2285 1868 2344 Mostel.
1905 2290 2018 2343 351
2075 2306 2186 2345 nec
2216 2286 2376 2345 salus
2421 2287 2592 2345 nobis
2631 2287 2807 2346 saluti

444 2387 559 2443 iam
605 2406 752 2459 esse,
799 2387 847 2445 si
894 2387 1193 2463 cupiat,
1239 2394 1469 2464 potest3
1517 2424 1596 2433 -
1646 2435 1680 2462 ‚,
1728 2389 1971 2449 Mercat.
2020 2393 2140 2448 592
2205 2389 2449 2450 rediit
2492 2391 2684 2465 salus3
2733 2424 2807 2434 -

446 2490 583 2547 ibid.
632 2494 754 2548 593
803 2490 1007 2548 abiit
1050 2491 1233 2561 salus;
1278 2526 1363 2534 ——
1406 2494 1549 2551 ibid.
1591 2497 1706 2558 144
1754 2511 1940 2567 apage
1971 2492 2145 2552 istius
2177 2491 2336 2553 modi
2367 2494 2635 2567 salutem,
2678 2513 2808 2552 cum

447 2593 705 2651 cruciatu
752 2612 902 2671 quae
946 2594 1206 2653 advenit.

622 2711 832 2772 virtus:

448 2817 518 2874 cf.
561 2816 753 2876 Plant.
802 2816 1036 2876 Trucul.
1084 2822 1206 2875 494
1267 2817 1442 2877 facile
1503 2819 1612 2877 sibi
1667 2819 2093 2878 fecunditatem
2140 2818 2334 2879 virtus
2378 2822 2644 2892 argutam
2691 2818 2811 2875 in-

446 2920 704 2988 venit;
757 2953 827 2964 —
876 2965 911 2993 „
959 2920 1194 2980 Mostel.
1252 2924 1364 2976 144
1413 2940 1570 2980 nunc
1617 2920 1794 2978 simul
1836 2940 1947 2992 res,
1994 2920 2140 2977 fides
2175 2968 2186 2978 .
2225 2963 2237 2976 .
2269 2949 2283 2978 ·.
2319 2968 2332 2981 .
2377 2920 2567 2980 virtus
2601 2964 2614 2978 .
2651 2964 2662 2978 .
2701 2965 2714 2979 .
2748 2967 2759 2978 .
2798 2917 2806 3001 Ι

446 3023 1014 3091 deseruerunt3
1068 3055 1135 3067 -
1194 3068 1227 3094 „
1274 3024 1492 3098 Amph.
1542 3027 1664 3082 649
1730 3024 1922 3082 virtus
1986 3022 2259 3080 omnibus
2311 3024 2486 3080 rebus
2546 3024 2810 3083 anteit

443 3125 808 3203 profe0t0⁸);
850 3159 932 3169 —
971 3125 1111 3184 Acci
1148 3125 1575 3203 Nyctegresiae
1622 3130 1743 3183 492
1791 3125 1927 3184 illos
1972 3132 2178 3200 suapte
2230 3125 2550 3184 induxit
2599 3126 2806 3184 virtus.

584 3351 632 3404 1)
668 3346 785 3394 sivit
819 3348 1021 3407 Popma,
1058 3347 1177 3394 sibit
1210 3347 1320 3393 LW
1357 3344 1651 3406 Guilelmus,
1689 3346 1822 3394 subit
1858 3345 2095 3406 Scaliger.

580 3431 631 3497 2)
668 3434 808 3480 illum
859 3435 961 3481 fors
1012 3433 1292 3481 sectabatur
1326 3433 1475 3479 Nonii
1511 3433 1619 3481 Pal.
1679 3434 1781 3480 fors
1831 3433 1969 3480 illum
2024 3432 2246 3480 sectabat
2281 3431 2456 3481 Urbin.
2496 3433 2607 3480 308.
2668 3432 2808 3478 illum

441 3518 760 3577 exspectabat
794 3519 895 3567 fors
933 3520 1074 3567 Voss.
1110 3518 1365 3579 spectabat
1399 3520 1750 3567 Buechelerus.

580 3602 634 3670 3)
674 3606 835 3652 omnis
871 3620 949 3651 res
986 3610 1028 3652 A
1065 3613 1178 3652 ante
1213 3606 1365 3652 itBJ
1404 3611 1518 3651 ante
1552 3608 1593 3651 it
1628 3620 1688 3652 ex
1724 3611 1838 3652 ante
1875 3606 1926 3652 id
1964 3607 2009 3652 D
2047 3609 2161 3652 ante
2197 3605 2248 3651 id
2285 3604 2343 3650 E.
2370 3629 2437 3638 —-·
2463 3603 2689 3651 Abienus
2715 3604 2809 3650 hoc

440 3692 548 3736 loco
588 3690 722 3738 verbi
759 3691 1022 3750 genuinam
1059 3691 1160 3737 vim
1195 3698 1342 3750 atque
1377 3696 1674 3750 potestatem
1712 3692 1779 3737 ita
1815 3691 2122 3738 debilitatam
2149 3704 2255 3738 esse
2280 3689 2597 3749 intelligeret,
2633 3694 2686 3735 ut
2710 3703 2808 3735 non

441 3776 648 3823 actionis
683 3777 975 3836 significatio
1010 3776 1164 3823 verbo
1201 3777 1282 3824 hic
1317 3775 1483 3823 subsit
1533 3777 1621 3823 sed
1672 3782 1834 3822 motus
1883 3777 2018 3842 notio
2075 3782 2122 3821 et
2158 3775 2397 3822 ordinalia
2432 3775 2629 3833 quidem
2666 3775 2808 3832 quasi

440 3867 603 3910 motus
643 3862 721 3925 [cl.
758 3862 849 3922 V.].
902 3877 1050 3922 quam
1086 3862 1413 3910 variationem
1452 3861 1704 3909 Ciceronis
1742 3867 1960 3920 tempore
1987 3859 2211 3907 Abienus
2244 3867 2375 3907 recte
2400 3860 2613 3908 secernit
2637 3874 2666 3905 a
2690 3866 2808 3906 tem·

441 3949 601 4007 porali
626 3954 779 4006 motu,
798 3949 966 4007 dequo
985 3949 1116 3994 infra
1132 3961 1390 4008 exponam.
1407 3947 1615 3993 —inter
1636 3947 1878 4005 exempla,
1899 3960 2023 4004 quae
2045 3951 2301 3992 enumerat
2315 3945 2535 3991 Ahle'nus
2557 3944 2606 3990 in
2626 3945 2805 3991 disser-

438 4034 624 4080 tatione
658 4049 720 4081 ne
746 4047 896 4080 unum
921 4034 1120 4091 quidem
1144 4034 1303 4091 affert,
1331 4033 1463 4091 quod
1490 4033 1595 4079 eius
1624 4031 1917 4079 variationis
1939 4036 2014 4077 est
2037 4030 2300 4089 particeps.
2331 4056 2395 4064 —
2422 4031 2473 4075 in
2501 4028 2663 4088 prisca
2686 4043 2806 4075 vero

443 4119 708 4165 Latinitate
740 4120 788 4164 id
818 4133 907 4165 suo
943 4120 1054 4166 loco
1089 4132 1189 4164 non
1227 4124 1315 4165 est.
1371 4133 1430 4165 ea
1464 4119 1595 4163 enim
1624 4118 1850 4176 exempla
1885 4115 2071 4173 primae
2100 4114 2246 4160 classi
2275 4113 2643 4161 adnumeranda
2676 4119 2804 4159 sunt.

440 4204 805 4252 concedendum
840 4204 1038 4263 quidem
1074 4210 1163 4262 est,
1213 4217 1309 4248 uno
1346 4205 1566 4250 alterove
1604 4204 1714 4249 loco
1752 4202 1848 4247 iam
1886 4201 1935 4245 in
1973 4200 2135 4260 prisca
2174 4199 2440 4245 Latinitate
2478 4212 2568 4243 nos
2605 4212 2807 4245 eernere
