3244 4792
1468 222 1893 293 ——30—

671 406 982 478 praeterea
1025 406 1194 461 erant
1237 401 1334 459 alii
1369 401 1484 477 dei,
1527 408 1594 461 ut
1618 400 1888 472 Flumen,
1936 402 2112 475 Fons,
2159 403 2407 475 Ventus,
2454 402 2700 462 Fluctus
2731 409 2864 471 etc„

504 505 603 584 qui
651 506 722 562 ad
767 512 1029 565 nostram
1074 505 1477 584 quaestionem
1527 506 1782 563 maxime
1829 510 2115 581 spectant.
2179 525 2249 563 ca
2293 506 2450 564 enim
2499 507 2547 564 si
2597 505 2865 564 conside-

501 628 716 681 ramus,
764 629 885 667 non
931 607 1139 666 mirum
1190 612 1295 680 est,
1344 627 1474 666 cum
1507 608 1593 666 eis
1626 608 1908 667 subiectis
1939 610 2141 681 verba,
2173 628 2323 686 quae
2354 609 2647 667 actionem
2681 608 2863 682 signi-

503 711 699 784 ficant,
746 711 1043 786 coniungi.

675 813 817 893 quid
863 833 1004 872 vero
1051 813 1363 872 dicendum
1408 819 1499 873 est
1540 814 1658 874 hoc
1703 816 1775 872 de
1819 813 2103 893 loquendi
2151 835 2278 888 usn,
2336 835 2465 874 cum
2512 815 2599 872 illi
2648 833 2680 872 e
2727 814 2866 873 deo—

501 937 631 975 rum
677 936 923 975 numero
970 924 1168 975 essent
1211 916 1460 976 remoti?
1508 919 1665 996 quod
1713 917 1950 996 quidem
1997 918 2111 975 iam
2159 917 2596 996 antiquissimis·
2635 923 2863 992 tempo-

501 1021 666 1080 ribus
709 1021 928 1080 factum
974 1039 1102 1077 esse
1146 1019 1400 1078 videtur.
1492 1039 1559 1079 ea
1604 1021 1762 1078 enim
1810 1021 2050 1078 deorum
2114 1021 2374 1094 cognitio
2421 1040 2540 1077 non
2588 1021 2864 1078 omnibus

502 1124 709 1183 innata
755 1133 912 1193 erat,
976 1141 1169 1201 neque
1216 1123 1407 1199 poetis
1451 1122 1599 1199 ipsis
1647 1143 1715 1182 ea
1761 1123 1964 1200 opinio
2010 1131 2129 1182 tam
2174 1124 2437 1198 vulgaris
2498 1128 2676 1201 atque
2721 1123 2866 1181 trita

501 1227 684 1285 fuisse
728 1227 981 1298 videtur,
1029 1245 1204 1305 quam
1252 1226 1355 1283 illa
1400 1226 1708 1285 notionum
1756 1226 1980 1301 primae
2026 1225 2247 1285 classis.
2310 1247 2428 1284 non
2470 1225 2866 1299 neglexerunt

503 1337 771 1388 auctores
815 1334 1076 1388 veterem
1123 1328 1640 1402 consuetudinem,
1703 1330 1803 1387 sed
1850 1329 2193 1387 nitebantur
2237 1330 2522 1386 maiorum
2567 1328 2862 1404 exemplo.

505 1451 681 1511 quam
742 1433 988 1490 eandem
1053 1430 1447 1491 constantiam
1506 1432 1620 1489 iam
1692 1440 1865 1490 antea
1929 1432 2275 1503 statuimus,
2339 1452 2469 1490 cum
2537 1432 2608 1489 de
2674 1431 2864 1506 prima

504 1536 909 1612 exemplorum
958 1535 1141 1593 classe
1188 1533 1638 1610 disputavimus.

673 1643 933 1698 attamen
1000 1657 1211 1712 magna
1270 1638 1585 1696 intercedit
1644 1637 2040 1714 discrepantia
2084 1638 2240 1695 inter
2285 1655 2382 1695 eas
2432 1636 2665 1696 classes.
2755 1657 2860 1696 suo

503 1742 659 1801 enim
706 1741 834 1800 iure
880 1741 1138 1799 omnium
1188 1748 1518 1816 temporum
1564 1740 1884 1815 scriptores
1929 1741 2267 1800 retinebant
2326 1741 2618 1798 secundae
2662 1740 2864 1799 classis

504 1846 848 1917 locutiones,
906 1844 962 1901 id
1013 1844 1168 1923 quod
1216 1845 1287 1901 de
1333 1843 1558 1918 primae
1604 1843 1807 1902 classis
1851 1843 2141 1919 exemplis
2186 1844 2544 1902 contendere
2591 1863 2709 1900 non
2757 1863 2861 1919 po·

502 1949 740 2008 tuimus.
787 1966 963 2007 causa
1008 1947 1240 2025 quidem
1292 1947 1435 2005 haec
1480 1952 1601 2005 est:
1650 1966 1742 2004 res
1790 1945 1925 2003 illae
1971 1946 2268 2005 naturales
2314 1966 2376 2004 re
2408 1965 2550 2004 vera
2594 1947 2654 2003 in
2689 1966 2864 2005 causa

503 2070 630 2109 esse
674 2051 970 2123 videntur,
1016 2056 1082 2109 ut
1125 2049 1277 2109 actio
1324 2049 1459 2120 fiat3
1507 2054 1722 2108 natura
1764 2049 1921 2106 enim
1967 2049 2096 2125 ipsa
2140 2049 2203 2106 in
2249 2051 2424 2107 rebus
2468 2068 2645 2108 causa
2681 2069 2863 2123 agens

504 2159 611 2213 est.
678 2153 1050 2230 suppositum
1096 2152 1279 2228 igitur
1322 2157 1412 2212 est
1456 2171 1563 2227 pro
1608 2171 1864 2228 persona
1895 2153 2220 2210 subiectum
2255 2159 2481 2225 natura,
2529 2172 2680 2231 quae
2712 2172 2863 2211 sem-

504 2275 613 2334 per
656 2275 836 2331 agens
882 2264 973 2315 est
1016 2253 1301 2331 cogitata,
1356 2274 1711 2334 quamquam
1759 2255 1818 2312 in
1867 2254 2117 2328 singulis
2163 2254 2452 2330 exemplis
2498 2256 2624 2313 eius
2668 2256 2861 2315 notio·

501 2359 594 2419 nis
638 2358 767 2420 loco
800 2359 1066 2419 subiecta
1109 2365 1401 2435 apparent
1444 2358 1553 2417 hae
1598 2358 1697 2418 vel
1740 2358 1878 2417 illae
1925 2378 2019 2417 res
2050 2357 2366 2417 naturales.
2431 2363 2610 2438 atque
2658 2378 2861 2418 omnes

500 2482 598 2522 eas
643 2466 887 2522 naturae
931 2462 1195 2521 actiones
1241 2462 1428 2520 oculis
1471 2461 1694 2520 nostris
1738 2462 2066 2534 cernimus,
2112 2482 2231 2520 non
2278 2468 2475 2521 mente
2520 2481 2587 2521 ac
2634 2463 2862 2521 ratione

499 2565 737 2639 utimur,
783 2573 850 2625 ut
895 2584 992 2623 eas
1036 2565 1491 2642 perspiciamus3
1553 2584 1800 2644 eamque
1862 2567 1936 2624 ob
1983 2584 2215 2624 eausam
2280 2565 2340 2622 in
2386 2565 2505 2624 illis
2549 2565 2863 2624 locutioni-

502 2671 610 2727 bus
683 2689 804 2727 non
879 2669 1164 2727 habemus
1222 2669 1668 2727 translationem
1731 2668 2013 2740 actionis,
2092 2687 2266 2748 quam
2328 2669 2735 2743 cognoscimus
2799 2669 2863 2726 in

500 2773 790 2849 exemplis
852 2771 1078 2848 primae
1139 2771 1356 2830 classis.
1448 2772 1518 2830 cf.
1578 2771 1772 2830 Plaut.
1823 2772 1983 2829 Pers.
2039 2775 2154 2829 165
2223 2772 2297 2830 ab
2362 2790 2507 2831 saxo
2571 2773 2862 2831 avortit

499 2875 806 2934 fluctus
850 2875 922 2933 ad
970 2875 1110 2933 litus
1155 2874 1452 2950 scapham.

670 2978 871 3057 itaque
917 2996 994 3038 ne
1038 2978 1431 3055 posteriorum
1479 2977 1716 3057 quidem
1764 2984 2094 3053 temporum
2128 2984 2397 3038 auctores
2428 2980 2861 3055 reprehendere

501 3080 656 3155 licet,
723 3082 880 3160 quod
943 3082 1322 3141 violaverunt
1385 3081 1783 3140 subiectorum
1847 3081 1929 3138 rei
1980 3090 2393 3157 praeceptum,
2461 3083 2509 3140 si
2573 3082 2859 3140 eiusmodi

502 3185 776 3260 exempla
820 3184 1144 3244 finxerunt.

667 3683 741 3742 In
785 3683 1076 3759 exemplis
1121 3682 1296 3742 huius
1345 3681 1547 3742 classis
1595 3683 1740 3741 haec
1786 3683 2052 3742 subiecta
2094 3683 2179 3742 rei
2229 3688 2462 3758 praesto
2511 3689 2686 3744 sunt:

676 3804 736 3879 1)
782 3807 939 3863 aeter
980 3803 1165 3881 (ae‘r):

502 3907 719 3966 Pacuv.
765 3906 1006 3984 Chrysis
1050 3927 1105 3966 v.
1157 3911 1233 3963 93
1298 3912 1485 3965 mater
1545 3913 1637 3964 est
1696 3912 1884 3966 terra:
1947 3925 2017 3963 ea
2082 3907 2236 3982 parit
2296 3926 2539 3983 corpus,
2603 3909 2859 3967 animam

496 4015 661 4069 aeter
705 4009 1066 4083 adiugat;
1127 4044 1207 4052 -
1272 4010 1406 4068 Var.
1454 4027 1567 4070 rer.
1614 4014 1759 4068 rust.
1806 4009 1905 4066 lib.
1954 4010 2071 4079 111,
2118 4009 2283 4079 XIV,
2337 4015 2369 4066 5
2426 4015 2493 4068 ut
2537 4011 2858 4069 intrare

500 4117 601 4172 ae‘r
649 4111 858 4189 possit.

668 4217 835 4276 cuius
880 4215 1158 4274 elementi
1207 4219 1379 4274 suntz
