3244 4792
1423 196 1846 262 „54-

446 368 786 443 stringit
829 371 1084 442 baccam,
1127 370 1227 427 sed
1261 369 1438 429 etiam
1486 389 1680 428 ramos
1724 369 1798 443 gl
1821 369 2002 429 ubit
2046 374 2107 429 et
2149 368 2363 428 relin
2386 369 2507 448 qit
2550 370 2620 427 ad
2666 368 2811 444 geli-

443 471 638 530 cidum
683 476 956 532 retectos.

616 611 876 669 vectura:

445 712 582 772 Var.
644 731 757 770 rer.
820 716 966 771 rust.
1027 711 1130 769 lib.
1175 711 1228 784 Ι,
1273 711 1442 783 XVI,
1491 717 1525 769 6
1589 712 1838 771 eundem
1902 712 2149 770 fundum
2208 709 2645 771 fructiosiorem
2691 714 2811 770 fa-

446 814 669 874 ciunt
712 821 1013 874 vecturae.

615 919 892 995 aspecta,
942 951 1025 960 —
1070 914 1458 977 desiderium:
2531 982 2534 983 γ

445 1021 582 1079 Var.
627 1039 741 1079 rer.
787 1025 929 1078 rust.
977 1020 1078 1078 lib.
1123 1019 1243 1096 III,
1290 1020 1360 1092 V,
1411 1025 1445 1079 3
1513 1022 1671 1099 quod
1732 1040 1933 1079 eorum
1996 1028 2269 1096 aspectus
2328 1040 2395 1079 ac
2456 1020 2808 1079 desiderium

443 1142 801 1181 marcescere
846 1123 1055 1183 facit
1097 1124 1370 1183 volucres
1414 1123 1692 1184 inclusae.

700 1310 763 1388 b)
810 1311 1333 1371 substantiva
1380 1315 1799 1371 concreta:

616 1433 819 1509 crates,
863 1433 1246 1490 sarmentum:

445 1536 567 1593 Cat.
612 1534 717 1592 lib.
767 1535 838 1592 de
883 1553 1003 1608 agr.
1048 1534 1341 1606 XLVIII,
1389 1539 1425 1591 2
1487 1555 1556 1592 eo
1622 1544 1918 1593 sarmenta
1980 1542 2082 1594 aut
2125 1536 2303 1594 cratis
2350 1535 2579 1593 ficariae
2620 1535 2809 1611 impo-

448 1636 597 1709 nito,
645 1655 795 1715 quae
839 1634 1031 1710 frigus
1077 1637 1518 1695 defendant
1563 1641 1625 1696 et
1668 1636 1872 1697 solem.

620 1771 1031 1833 linamentum:

446 1877 567 1936 Cat.
615 1877 717 1935 lib.
781 1879 853 1934 de
900 1896 1019 1951 agr.
1067 1876 1398 1935 CXXVIII
1444 1924 1457 1938 .
1493 1921 1508 1936 .
1542 1924 1553 1936 .
1589 1921 1603 1937 .
1650 1896 1845 1956 neque
1906 1876 2235 1935 lutamenta
2297 1877 2673 1937 scindent
2729 1898 2807 1936 se.

616 2012 875 2090 materia,
935 2047 1001 2058 —
1053 2031 1235 2090 sucum,
1286 2048 1361 2056 —
1409 2012 1581 2090 fossa,
1627 2049 1712 2058 —-
1754 2009 2090 2091 mammilla,
2138 2047 2219 2057 —
2265 2011 2497 2092 piscina,
2545 2046 2627 2057 —-
2659 2019 2809 2076 rete:

447 2119 585 2179 Var.
604 2137 718 2176 rer.
750 2123 895 2177 rust.
927 2118 1030 2176 lib.
1066 2119 1112 2189 I,
1146 2116 1294 2174 XLI
1327 2118 1484 2195 quod
1518 2119 1700 2175 densa
1729 2117 1977 2176 materia
2007 2137 2125 2175 non
2159 2122 2250 2175 est
2279 2123 2342 2175 et
2378 2118 2511 2174 ideo
2544 2117 2810 2196 sequi-

445 2226 572 2281 tur
619 2220 943 2293 caldorem;
993 2255 1070 2263 —
1118 2222 1190 2278 de
1234 2218 1375 2293 ling.
1416 2220 1540 2278 Lat.
1572 2220 1677 2279 lib.
1713 2220 1781 2292 V,
1828 2217 1860 2298 ᾖ
1899 2224 2014 2278 102
2063 2220 2264 2278 eadem
2315 2240 2439 2277 nux
2485 2219 2679 2297 (glans
2724 2221 2810 2278 di-

447 2322 643 2400 citur),
704 2325 860 2402 quod
922 2329 989 2382 ut
1049 2344 1171 2381 nox
1231 2341 1424 2380 aerem
1486 2322 1664 2380 huius
1724 2343 1897 2381 sucus
1950 2343 2164 2400 corpus
2202 2323 2415 2381 facit
2459 2331 2687 2396 atrum;
2734 2354 2818 2366 -—

392 2411 395 2412 ⁷
446 2446 559 2486 rer.
605 2433 751 2486 rust.
796 2427 900 2487 lib.
934 2428 984 2494 I,
1029 2426 1200 2498 XIV,
1248 2431 1283 2483 2
1331 2427 1432 2484 sed
1478 2427 1638 2484 fossa
1681 2427 1765 2486 ita
1809 2427 2024 2484 idonea
2069 2427 2117 2484 si
2166 2446 2395 2485 omnem
2444 2446 2692 2505 aquam.
2719 2472 2772 2486 ..
2804 2471 2819 2486 .

446 2528 817 2605 recipere
862 2535 1089 2605 potest3
1119 2563 1203 2572 —-
1234 2573 1270 2601 „
1301 2529 1404 2587 lib.
1437 2529 1553 2601 111,
1588 2529 1760 2601 XIV,
1796 2534 1830 2586 2
1880 2548 2029 2607 quae
2062 2529 2166 2605 (sc.
2196 2529 2577 2605 mammillae)
2608 2549 2818 2589 eruc-

446 2638 618 2692 tent
679 2651 922 2711 aquam;
982 2665 1066 2674 ——
1128 2632 1346 2690 ibidem
1391 2630 1597 2704 XVII,
1663 2638 1699 2690 2
1763 2638 1824 2690 et
1882 2632 2081 2708 potius
2140 2632 2526 2708 marsippium
2590 2633 2815 2691 domini

448 2735 929 2793 exinaniunt
975 2755 1149 2812 quam
1195 2735 1532 2810 implent
1576 2734 1683 2813 (sc.
1730 2735 2059 2794 maritimae
2102 2734 2420 2813 piscinae);
2465 2769 2539 2777 —
2594 2735 2816 2793 ibidem

443 2837 557 2911 IX,
609 2843 682 2896 15
730 2843 875 2912 rete,
924 2839 1080 2916 quod
1125 2838 1567 2913 prohibeat
1611 2856 1711 2896 eas
1903 2882 1918 2897 .
1966 2838 2221 2897 evolare.

617 2972 729 3050 nix,
778 3009 858 3017 —-
905 2972 1194 3034 sacculus:

445 3077 633 3136 Lucil.
679 3085 787 3136 sat.
834 3076 935 3135 lib.
980 3077 1194 3149 XXII,
1240 3098 1295 3137 v.
1346 3083 1383 3136 4
1418 3123 1431 3137 .
1465 3122 1480 3137 .
1514 3123 1527 3135 .
1561 3124 1574 3136 .
1624 3099 1754 3137 cum
1801 3079 1909 3136 nix
1954 3087 2016 3138 et
2059 3078 2325 3137 sacculus
2371 3076 2813 3137 abstulerit

444 3181 600 3257 (vini
646 3179 898 3256 durum).

613 3320 787 3394 trapS,
835 3350 912 3358 —
959 3314 1194 3393 pertica,
1244 3352 1322 3361 —-
1368 3314 1522 3377 axis:

443 3422 582 3480 Var.
616 3430 722 3480 sat.
753 3420 977 3495 Menip.
1000 3421 1367 3492 „Parmeno“
1391 3425 1507 3479 391
1542 3420 1659 3479 alia
1692 3427 1857 3498 traps
1886 3465 1901 3481 .
1936 3466 1951 3481 .
1976 3468 1991 3483 .
2026 3467 2038 3480 .
2080 3418 2091 3504 Ι
2130 3421 2446 3495 frangit
2488 3440 2683 3480 ramos
2714 3441 2807 3479 ca-

442 3525 617 3592 dens3
661 3556 745 3565 —-
789 3542 903 3581 rer.
952 3529 1098 3583 rust.
1142 3522 1245 3580 lib.
1294 3524 1408 3595 III,
1456 3524 1567 3595 IX,
1617 3524 1652 3581 7
1715 3525 1778 3582 in
1842 3525 2036 3584 caveis
2083 3527 2321 3583 crebrae
2381 3524 2643 3601 perticae
2687 3529 2804 3584 tra—

440 3626 629 3685 iectae
676 3670 690 3684 .
724 3670 735 3682 .
771 3670 784 3683 .
819 3669 831 3683 .
879 3630 946 3684 ut
992 3645 1195 3683 omnes
1242 3625 1656 3685 sustinere
1716 3628 1949 3703 possint
1993 3627 2275 3701 gallinas3
2321 3661 2404 3670 —
2450 3673 2485 3701 „
2529 3628 2637 3687 lib.
2684 3628 2804 3699 III,

441 3729 513 3801 V,
565 3731 639 3786 15
689 3728 790 3807 qui
839 3728 1018 3806 (axis)
1063 3748 1171 3804 pro
1218 3746 1421 3786 mensa
1465 3730 1830 3789 sustinet
1872 3734 2063 3789 rotam
2107 3730 2414 3790 radiatam.

611 3868 867 3941 metreta,
918 3898 995 3908 —
1041 3863 1416 3943 oporcthcca:

439 3971 565 4029 Cat.
610 3968 712 4027 lib.
761 3969 831 4027 de
876 3988 997 4042 agr.
1035 3969 1087 4026 O
1126 3976 1379 4029 metreta
1422 3970 1617 4028 oleum
1662 3990 1783 4029 non
1830 3971 2059 4030 bibet
2103 3976 2165 4031 et
2208 3971 2401 4030 oleum
2447 3972 2658 4030 melius
2702 3973 2733 4029 f
2743 3992 2801 4029 a·

439 4073 634 4143 ciet3
685 4105 759 4114 -
810 4073 949 4133 Var.
1012 4091 1123 4129 rer.
1170 4083 1316 4132 rust.
1367 4073 1470 4133 lib.
1514 4073 1565 4145 I,
1614 4074 1793 4147 LIX,
1859 4095 1988 4133 cum
2052 4094 2317 4134 umorem
2373 4075 2801 4135 amiserint

378 4253 383 4258 θ
441 4177 905 4254 (oporothecae).
