<?xml version="1.0" encoding="UTF-8"?>
<!DOCTYPE html PUBLIC "-//W3C//DTD XHTML 1.0 Transitional//EN"
    "http://www.w3.org/TR/xhtml1/DTD/xhtml1-transitional.dtd">
<html xmlns="http://www.w3.org/1999/xhtml" xml:lang="en" lang="en">
 <head>
  <title>
</title>
<meta http-equiv="Content-Type" content="text/html;charset=utf-8" />
  <meta name='ocr-system' content='tesseract 3.04.00' />
  <meta name='ocr-capabilities' content='ocr_page ocr_carea ocr_par ocr_line ocrx_word'/>
</head>
<body>
  <div class='ocr_page' id='page_1' title='image "./subjectareicuma00bockgoog_0047.png"; bbox 0 0 3244 4792; ppageno 0'>
   <div class='ocr_carea' id='block_1_1' title="bbox 1344 735 1870 812">
    <p class='ocr_par' dir='ltr' id='par_1_1' title="bbox 1344 735 1870 812">
     <span class='ocr_line' id='line_1_1' title="bbox 1344 735 1870 812; baseline 0.01 -5"><span class='ocrx_word' id='word_1_1' title='bbox 1344 735 1686 807; x_wconf 80' lang='lat' dir='ltr'>Classis</span> <span class='ocrx_word' id='word_1_2' title='bbox 1738 735 1870 812; x_wconf 89' lang='lat' dir='ltr'>IV.</span> 
     </span>
    </p>
   </div>
   <div class='ocr_carea' id='block_1_2' title="bbox 417 938 2788 4201">
    <p class='ocr_par' dir='ltr' id='par_1_2' title="bbox 425 938 2787 1324">
     <span class='ocr_line' id='line_1_2' title="bbox 596 938 2784 1017; baseline -0.001 -16"><span class='ocrx_word' id='word_1_3' title='bbox 596 938 821 1001; x_wconf 78' lang='lat' dir='ltr'>Quarta</span> <span class='ocrx_word' id='word_1_4' title='bbox 864 939 1066 998; x_wconf 87' lang='lat' dir='ltr'>classis</span> <span class='ocrx_word' id='word_1_5' title='bbox 1111 946 1353 1017; x_wconf 88' lang='lat' dir='ltr'>propter</span> <span class='ocrx_word' id='word_1_6' title='bbox 1396 939 1744 998; x_wconf 83' lang='lat' dir='ltr'>varietatem</span> <span class='ocrx_word' id='word_1_7' title='bbox 1791 948 1852 998; x_wconf 92' lang='lat' dir='ltr'>et</span> <span class='ocrx_word' id='word_1_8' title='bbox 1896 946 2163 1000; x_wconf 89' lang='lat' dir='ltr'>naturam</span> <span class='ocrx_word' id='word_1_9' title='bbox 2213 942 2615 1016; x_wconf 79' lang='lat' dir='ltr'>exemplorum</span> <span class='ocrx_word' id='word_1_10' title='bbox 2668 960 2784 998; x_wconf 87' lang='lat' dir='ltr'>ma-</span> 
     </span>
     <span class='ocr_line' id='line_1_3' title="bbox 425 1041 2787 1119; baseline 0 -20"><span class='ocrx_word' id='word_1_11' title='bbox 425 1043 584 1100; x_wconf 83' lang='lat' dir='ltr'><strong>xime</strong></span> <span class='ocrx_word' id='word_1_12' title='bbox 631 1041 873 1100; x_wconf 91' lang='lat' dir='ltr'>notione</span> <span class='ocrx_word' id='word_1_13' title='bbox 920 1043 1098 1115; x_wconf 89' lang='lat' dir='ltr'>digna</span> <span class='ocrx_word' id='word_1_14' title='bbox 1145 1050 1266 1111; x_wconf 90' lang='lat' dir='ltr'>est,</span> <span class='ocrx_word' id='word_1_15' title='bbox 1333 1043 1415 1099; x_wconf 90' lang='lat' dir='ltr'>ita</span> <span class='ocrx_word' id='word_1_16' title='bbox 1475 1048 1542 1100; x_wconf 89' lang='lat' dir='ltr'>ut</span> <span class='ocrx_word' id='word_1_17' title='bbox 1602 1043 1888 1101; x_wconf 88' lang='lat' dir='ltr'>nonnulla</span> <span class='ocrx_word' id='word_1_18' title='bbox 1951 1044 2023 1100; x_wconf 90' lang='lat' dir='ltr'>de</span> <span class='ocrx_word' id='word_1_19' title='bbox 2085 1063 2152 1101; x_wconf 89' lang='lat' dir='ltr'>ea</span> <span class='ocrx_word' id='word_1_20' title='bbox 2199 1044 2452 1118; x_wconf 84' lang='lat' dir='ltr'>praefari</span> <span class='ocrx_word' id='word_1_21' title='bbox 2502 1064 2650 1119; x_wconf 92' lang='lat' dir='ltr'>opus</span> <span class='ocrx_word' id='word_1_22' title='bbox 2695 1045 2787 1101; x_wconf 90' lang='lat' dir='ltr'>sit.</span> 
     </span>
     <span class='ocr_line' id='line_1_4' title="bbox 425 1144 2787 1223; baseline 0.001 -22"><span class='ocrx_word' id='word_1_23' title='bbox 425 1164 677 1223; x_wconf 89' lang='lat' dir='ltr'>namque</span> <span class='ocrx_word' id='word_1_24' title='bbox 723 1145 783 1202; x_wconf 92' lang='lat' dir='ltr'>in</span> <span class='ocrx_word' id='word_1_25' title='bbox 832 1145 924 1203; x_wconf 91' lang='lat' dir='ltr'>his</span> <span class='ocrx_word' id='word_1_26' title='bbox 955 1146 1188 1203; x_wconf 89' lang='lat' dir='ltr'>demum</span> <span class='ocrx_word' id='word_1_27' title='bbox 1221 1144 1618 1203; x_wconf 88' lang='lat' dir='ltr'>locutionibus</span> <span class='ocrx_word' id='word_1_28' title='bbox 1664 1145 1891 1220; x_wconf 87' lang='lat' dir='ltr'>priscae</span> <span class='ocrx_word' id='word_1_29' title='bbox 1925 1145 2268 1205; x_wconf 77' lang='lat' dir='ltr'>Latinitatis</span> <span class='ocrx_word' id='word_1_30' title='bbox 2299 1146 2615 1222; x_wconf 82' lang='lat' dir='ltr'>scriptores</span> <span class='ocrx_word' id='word_1_31' title='bbox 2647 1165 2787 1204; x_wconf 88' lang='lat' dir='ltr'>vere</span> 
     </span>
     <span class='ocr_line' id='line_1_5' title="bbox 427 1247 2614 1324; baseline 0.001 -19"><span class='ocrx_word' id='word_1_32' title='bbox 427 1247 762 1306; x_wconf 85' lang='lat' dir='ltr'>discessisse</span> <span class='ocrx_word' id='word_1_33' title='bbox 808 1266 844 1304; x_wconf 91' lang='lat' dir='ltr'>a</span> <span class='ocrx_word' id='word_1_34' title='bbox 888 1249 1300 1322; x_wconf 80' lang='lat' dir='ltr'>grammaticae</span> <span class='ocrx_word' id='word_1_35' title='bbox 1346 1247 1592 1307; x_wconf 88' lang='lat' dir='ltr'>rationis</span> <span class='ocrx_word' id='word_1_36' title='bbox 1639 1255 1974 1324; x_wconf 86' lang='lat' dir='ltr'>praecepto,</span> <span class='ocrx_word' id='word_1_37' title='bbox 2023 1250 2462 1307; x_wconf 88' lang='lat' dir='ltr'>concedendum</span> <span class='ocrx_word' id='word_1_38' title='bbox 2509 1257 2614 1307; x_wconf 90' lang='lat' dir='ltr'>est.</span> 
     </span>
    </p>

    <p class='ocr_par' dir='ltr' id='par_1_3' title="bbox 421 1349 2788 2144">
     <span class='ocr_line' id='line_1_6' title="bbox 594 1349 2787 1428; baseline 0 -20"><span class='ocrx_word' id='word_1_39' title='bbox 594 1357 772 1428; x_wconf 89' lang='lat' dir='ltr'>atque</span> <span class='ocrx_word' id='word_1_40' title='bbox 836 1357 902 1409; x_wconf 91' lang='lat' dir='ltr'>ut</span> <span class='ocrx_word' id='word_1_41' title='bbox 960 1349 1213 1424; x_wconf 90' lang='lat' dir='ltr'>primum</span> <span class='ocrx_word' id='word_1_42' title='bbox 1278 1349 1558 1407; x_wconf 83' lang='lat' dir='ltr'>disseram</span> <span class='ocrx_word' id='word_1_43' title='bbox 1636 1351 1706 1407; x_wconf 90' lang='lat' dir='ltr'>de</span> <span class='ocrx_word' id='word_1_44' title='bbox 1765 1350 1993 1424; x_wconf 87' lang='lat' dir='ltr'>origine</span> <span class='ocrx_word' id='word_1_45' title='bbox 2056 1351 2342 1410; x_wconf 90' lang='lat' dir='ltr'>eiusmodi</span> <span class='ocrx_word' id='word_1_46' title='bbox 2402 1351 2787 1423; x_wconf 90' lang='lat' dir='ltr'>locutionum,</span> 
     </span>
     <span class='ocr_line' id='line_1_7' title="bbox 424 1452 2787 1530; baseline -0.001 -19"><span class='ocrx_word' id='word_1_47' title='bbox 424 1460 696 1525; x_wconf 68' lang='lat' dir='ltr'>constat,</span> <span class='ocrx_word' id='word_1_48' title='bbox 754 1453 870 1510; x_wconf 90' lang='lat' dir='ltr'>iam</span> <span class='ocrx_word' id='word_1_49' title='bbox 940 1452 1368 1530; x_wconf 82' lang='lat' dir='ltr'>antiquissimis</span> <span class='ocrx_word' id='word_1_50' title='bbox 1435 1453 1802 1527; x_wconf 83' lang='lat' dir='ltr'>temporibus</span> <span class='ocrx_word' id='word_1_51' title='bbox 1867 1454 1928 1510; x_wconf 91' lang='lat' dir='ltr'>in</span> <span class='ocrx_word' id='word_1_52' title='bbox 1993 1455 2364 1513; x_wconf 87' lang='lat' dir='ltr'>sermonibus</span> <span class='ocrx_word' id='word_1_53' title='bbox 2422 1454 2787 1527; x_wconf 87' lang='lat' dir='ltr'>singulorum</span> 
     </span>
     <span class='ocr_line' id='line_1_8' title="bbox 422 1554 2788 1634; baseline -0 -20"><span class='ocrx_word' id='word_1_54' title='bbox 422 1557 656 1630; x_wconf 89' lang='lat' dir='ltr'>generis</span> <span class='ocrx_word' id='word_1_55' title='bbox 701 1555 941 1613; x_wconf 89' lang='lat' dir='ltr'>humani</span> <span class='ocrx_word' id='word_1_56' title='bbox 989 1555 1259 1614; x_wconf 91' lang='lat' dir='ltr'>ordinum</span> <span class='ocrx_word' id='word_1_57' title='bbox 1306 1556 1451 1613; x_wconf 88' lang='lat' dir='ltr'>haec</span> <span class='ocrx_word' id='word_1_58' title='bbox 1496 1556 1591 1613; x_wconf 85' lang='lat' dir='ltr'>vel</span> <span class='ocrx_word' id='word_1_59' title='bbox 1637 1554 1739 1613; x_wconf 90' lang='lat' dir='ltr'>illa</span> <span class='ocrx_word' id='word_1_60' title='bbox 1782 1557 2025 1631; x_wconf 88' lang='lat' dir='ltr'>propria</span> <span class='ocrx_word' id='word_1_61' title='bbox 2067 1558 2319 1615; x_wconf 88' lang='lat' dir='ltr'>formata</span> <span class='ocrx_word' id='word_1_62' title='bbox 2364 1576 2525 1628; x_wconf 87' lang='lat' dir='ltr'>csse,</span> <span class='ocrx_word' id='word_1_63' title='bbox 2572 1556 2788 1634; x_wconf 88' lang='lat' dir='ltr'>quibus</span> 
     </span>
     <span class='ocr_line' id='line_1_9' title="bbox 424 1658 2787 1738; baseline -0.001 -20"><span class='ocrx_word' id='word_1_64' title='bbox 424 1666 550 1718; x_wconf 87' lang='lat' dir='ltr'>erat</span> <span class='ocrx_word' id='word_1_65' title='bbox 594 1660 746 1717; x_wconf 89' lang='lat' dir='ltr'>alius</span> <span class='ocrx_word' id='word_1_66' title='bbox 792 1677 932 1736; x_wconf 91' lang='lat' dir='ltr'>prae</span> <span class='ocrx_word' id='word_1_67' title='bbox 977 1658 1093 1717; x_wconf 92' lang='lat' dir='ltr'>alio</span> <span class='ocrx_word' id='word_1_68' title='bbox 1140 1677 1409 1717; x_wconf 84' lang='lat' dir='ltr'>sermone</span> <span class='ocrx_word' id='word_1_69' title='bbox 1455 1658 1726 1733; x_wconf 87' lang='lat' dir='ltr'>insignis.</span> <span class='ocrx_word' id='word_1_70' title='bbox 1790 1679 1940 1738; x_wconf 91' lang='lat' dir='ltr'>quae</span> <span class='ocrx_word' id='word_1_71' title='bbox 1988 1659 2164 1718; x_wconf 88' lang='lat' dir='ltr'>etiam</span> <span class='ocrx_word' id='word_1_72' title='bbox 2213 1662 2284 1717; x_wconf 90' lang='lat' dir='ltr'>ad</span> <span class='ocrx_word' id='word_1_73' title='bbox 2317 1667 2575 1718; x_wconf 85' lang='lat' dir='ltr'>nostram</span> <span class='ocrx_word' id='word_1_74' title='bbox 2610 1679 2787 1737; x_wconf 87' lang='lat' dir='ltr'>quae-</span> 
     </span>
     <span class='ocr_line' id='line_1_10' title="bbox 426 1761 2788 1840; baseline -0.001 -20"><span class='ocrx_word' id='word_1_75' title='bbox 426 1762 678 1821; x_wconf 90' lang='lat' dir='ltr'>stionem</span> <span class='ocrx_word' id='word_1_76' title='bbox 725 1767 1015 1837; x_wconf 88' lang='lat' dir='ltr'>spectant.</span> <span class='ocrx_word' id='word_1_77' title='bbox 1100 1761 1276 1819; x_wconf 85' lang='lat' dir='ltr'>facile</span> <span class='ocrx_word' id='word_1_78' title='bbox 1323 1762 1479 1818; x_wconf 87' lang='lat' dir='ltr'>enim</span> <span class='ocrx_word' id='word_1_79' title='bbox 1527 1768 1727 1836; x_wconf 88' lang='lat' dir='ltr'>potest</span> <span class='ocrx_word' id='word_1_80' title='bbox 1770 1762 2043 1837; x_wconf 84' lang='lat' dir='ltr'>intelligi,</span> <span class='ocrx_word' id='word_1_81' title='bbox 2090 1762 2453 1833; x_wconf 89' lang='lat' dir='ltr'>notionibus,</span> <span class='ocrx_word' id='word_1_82' title='bbox 2500 1781 2650 1840; x_wconf 89' lang='lat' dir='ltr'>quae</span> <span class='ocrx_word' id='word_1_83' title='bbox 2697 1781 2788 1820; x_wconf 93' lang='lat' dir='ltr'>or-</span> 
     </span>
     <span class='ocr_line' id='line_1_11' title="bbox 422 1864 2787 1942; baseline -0 -21"><span class='ocrx_word' id='word_1_84' title='bbox 422 1865 577 1923; x_wconf 89' lang='lat' dir='ltr'>dinis</span> <span class='ocrx_word' id='word_1_85' title='bbox 623 1865 909 1942; x_wconf 89' lang='lat' dir='ltr'>cuiusque</span> <span class='ocrx_word' id='word_1_86' title='bbox 954 1865 1229 1940; x_wconf 89' lang='lat' dir='ltr'>propriae</span> <span class='ocrx_word' id='word_1_87' title='bbox 1276 1865 1410 1935; x_wconf 89' lang='lat' dir='ltr'>sint,</span> <span class='ocrx_word' id='word_1_88' title='bbox 1477 1865 1526 1922; x_wconf 92' lang='lat' dir='ltr'>si</span> <span class='ocrx_word' id='word_1_89' title='bbox 1588 1864 1827 1922; x_wconf 90' lang='lat' dir='ltr'>maioris</span> <span class='ocrx_word' id='word_1_90' title='bbox 1885 1871 2055 1923; x_wconf 89' lang='lat' dir='ltr'>erant</span> <span class='ocrx_word' id='word_1_91' title='bbox 2112 1865 2395 1940; x_wconf 84' lang='lat' dir='ltr'>ponderis</span> <span class='ocrx_word' id='word_1_92' title='bbox 2427 1872 2619 1942; x_wconf 75' lang='lat' dir='ltr'>atque</span> <span class='ocrx_word' id='word_1_93' title='bbox 2665 1884 2787 1920; x_wconf 91' lang='lat' dir='ltr'>mo-</span> 
     </span>
     <span class='ocr_line' id='line_1_12' title="bbox 422 1954 2788 2046; baseline -0 -22"><span class='ocrx_word' id='word_1_94' title='bbox 422 1967 625 2040; x_wconf 87' lang='lat' dir='ltr'>menti,</span> <span class='ocrx_word' id='word_1_95' title='bbox 687 1967 938 2025; x_wconf 86' lang='lat' dir='ltr'>eximiae</span> <span class='ocrx_word' id='word_1_96' title='bbox 1000 1986 1238 2046; x_wconf 89' lang='lat' dir='ltr'>quoque</span> <span class='ocrx_word' id='word_1_97' title='bbox 1285 1966 1593 2040; x_wconf 82' lang='lat' dir='ltr'>gravitatis</span> <span class='ocrx_word' id='word_1_98' title='bbox 1639 1973 1836 2042; x_wconf 88' lang='lat' dir='ltr'>partes</span> <span class='ocrx_word' id='word_1_99' title='bbox 1881 1967 2082 2025; x_wconf 90' lang='lat' dir='ltr'>tribui.</span> <span class='ocrx_word' id='word_1_100' title='bbox 2173 1954 2340 2045; x_wconf 29' lang='lat' dir='ltr'>quas*</span> <span class='ocrx_word' id='word_1_101' title='bbox 2364 1973 2550 2041; x_wconf 91' lang='lat' dir='ltr'>agunt</span> <span class='ocrx_word' id='word_1_102' title='bbox 2592 1975 2788 2040; x_wconf 86' lang='lat' dir='ltr'>partes</span> 
     </span>
     <span class='ocr_line' id='line_1_13' title="bbox 421 2068 2656 2144; baseline -0.001 -17"><span class='ocrx_word' id='word_1_103' title='bbox 421 2074 548 2128; x_wconf 92' lang='lat' dir='ltr'>toto</span> <span class='ocrx_word' id='word_1_104' title='bbox 595 2072 921 2142; x_wconf 86' lang='lat' dir='ltr'>enuntiato,</span> <span class='ocrx_word' id='word_1_105' title='bbox 968 2070 1015 2128; x_wconf 92' lang='lat' dir='ltr'>si</span> <span class='ocrx_word' id='word_1_106' title='bbox 1062 2070 1313 2129; x_wconf 91' lang='lat' dir='ltr'>subiecti</span> <span class='ocrx_word' id='word_1_107' title='bbox 1358 2069 1488 2128; x_wconf 90' lang='lat' dir='ltr'>loco</span> <span class='ocrx_word' id='word_1_108' title='bbox 1533 2069 1762 2144; x_wconf 85' lang='lat' dir='ltr'>positae</span> <span class='ocrx_word' id='word_1_109' title='bbox 1808 2069 2058 2129; x_wconf 91' lang='lat' dir='ltr'>actionis</span> <span class='ocrx_word' id='word_1_110' title='bbox 2100 2068 2302 2129; x_wconf 83' lang='lat' dir='ltr'>verbis</span> <span class='ocrx_word' id='word_1_111' title='bbox 2347 2071 2656 2128; x_wconf 90' lang='lat' dir='ltr'>adduntur.</span> 
     </span>
    </p>

    <p class='ocr_par' dir='ltr' id='par_1_4' title="bbox 417 2172 2785 2664">
     <span class='ocr_line' id='line_1_14' title="bbox 594 2172 2785 2250; baseline -0 -20"><span class='ocrx_word' id='word_1_112' title='bbox 594 2173 733 2250; x_wconf 91' lang='lat' dir='ltr'>quid</span> <span class='ocrx_word' id='word_1_113' title='bbox 780 2193 923 2232; x_wconf 79' lang='lat' dir='ltr'>vero</span> <span class='ocrx_word' id='word_1_114' title='bbox 970 2172 1249 2246; x_wconf 89' lang='lat' dir='ltr'>colligere</span> <span class='ocrx_word' id='word_1_115' title='bbox 1294 2192 1624 2248; x_wconf 88' lang='lat' dir='ltr'>possumus,</span> <span class='ocrx_word' id='word_1_116' title='bbox 1687 2173 1733 2230; x_wconf 90' lang='lat' dir='ltr'>si</span> <span class='ocrx_word' id='word_1_117' title='bbox 1781 2173 2178 2230; x_wconf 87' lang='lat' dir='ltr'>Romanarum</span> <span class='ocrx_word' id='word_1_118' title='bbox 2228 2172 2554 2231; x_wconf 90' lang='lat' dir='ltr'>litterarum</span> <span class='ocrx_word' id='word_1_119' title='bbox 2601 2172 2785 2231; x_wconf 91' lang='lat' dir='ltr'>histo-</span> 
     </span>
     <span class='ocr_line' id='line_1_15' title="bbox 417 2274 2785 2355; baseline -0 -20"><span class='ocrx_word' id='word_1_120' title='bbox 417 2277 564 2335; x_wconf 88' lang='lat' dir='ltr'>riam</span> <span class='ocrx_word' id='word_1_121' title='bbox 612 2277 1026 2354; x_wconf 73' lang='lat' dir='ltr'>perquirimuS,</span> <span class='ocrx_word' id='word_1_122' title='bbox 1073 2295 1373 2334; x_wconf 88' lang='lat' dir='ltr'>sermones</span> <span class='ocrx_word' id='word_1_123' title='bbox 1419 2274 1785 2348; x_wconf 84' lang='lat' dir='ltr'>singulorum</span> <span class='ocrx_word' id='word_1_124' title='bbox 1834 2276 2109 2334; x_wconf 82' lang='lat' dir='ltr'>ordinum</span> <span class='ocrx_word' id='word_1_125' title='bbox 2155 2277 2390 2354; x_wconf 87' lang='lat' dir='ltr'>quando</span> <span class='ocrx_word' id='word_1_126' title='bbox 2437 2281 2499 2334; x_wconf 90' lang='lat' dir='ltr'>et</span> <span class='ocrx_word' id='word_1_127' title='bbox 2541 2296 2658 2355; x_wconf 91' lang='lat' dir='ltr'>quo</span> <span class='ocrx_word' id='word_1_128' title='bbox 2691 2296 2785 2334; x_wconf 91' lang='lat' dir='ltr'>us·</span> 
     </span>
     <span class='ocr_line' id='line_1_16' title="bbox 419 2377 2785 2460; baseline -0.001 -22"><span class='ocrx_word' id='word_1_129' title='bbox 419 2401 535 2460; x_wconf 92' lang='lat' dir='ltr'>que</span> <span class='ocrx_word' id='word_1_130' title='bbox 579 2379 962 2456; x_wconf 90' lang='lat' dir='ltr'>perfectionis</span> <span class='ocrx_word' id='word_1_131' title='bbox 1006 2379 1221 2456; x_wconf 89' lang='lat' dir='ltr'>prolati</span> <span class='ocrx_word' id='word_1_132' title='bbox 1270 2377 1431 2438; x_wconf 89' lang='lat' dir='ltr'>sint?</span> <span class='ocrx_word' id='word_1_133' title='bbox 1480 2398 1733 2458; x_wconf 90' lang='lat' dir='ltr'>namque</span> <span class='ocrx_word' id='word_1_134' title='bbox 1780 2379 1843 2438; x_wconf 82' lang='lat' dir='ltr'>id</span> <span class='ocrx_word' id='word_1_135' title='bbox 1888 2378 2299 2453; x_wconf 82' lang='lat' dir='ltr'>gravissimum</span> <span class='ocrx_word' id='word_1_136' title='bbox 2331 2385 2422 2439; x_wconf 91' lang='lat' dir='ltr'>est</span> <span class='ocrx_word' id='word_1_137' title='bbox 2465 2379 2527 2437; x_wconf 89' lang='lat' dir='ltr'>in</span> <span class='ocrx_word' id='word_1_138' title='bbox 2573 2379 2785 2437; x_wconf 91' lang='lat' dir='ltr'>diiudi-</span> 
     </span>
     <span class='ocr_line' id='line_1_17' title="bbox 420 2483 2783 2561; baseline -0 -21"><span class='ocrx_word' id='word_1_139' title='bbox 420 2485 605 2541; x_wconf 84' lang='lat' dir='ltr'>canda</span> <span class='ocrx_word' id='word_1_140' title='bbox 651 2484 1013 2561; x_wconf 88' lang='lat' dir='ltr'>quaestione,</span> <span class='ocrx_word' id='word_1_141' title='bbox 1079 2489 1364 2561; x_wconf 90' lang='lat' dir='ltr'>quantum</span> <span class='ocrx_word' id='word_1_142' title='bbox 1410 2483 1712 2542; x_wconf 83' lang='lat' dir='ltr'>valuerint</span> <span class='ocrx_word' id='word_1_143' title='bbox 1757 2483 1976 2557; x_wconf 87' lang='lat' dir='ltr'>singuli</span> <span class='ocrx_word' id='word_1_144' title='bbox 2022 2502 2322 2542; x_wconf 88' lang='lat' dir='ltr'>sermones</span> <span class='ocrx_word' id='word_1_145' title='bbox 2380 2483 2444 2541; x_wconf 88' lang='lat' dir='ltr'>in</span> <span class='ocrx_word' id='word_1_146' title='bbox 2492 2484 2783 2542; x_wconf 88' lang='lat' dir='ltr'>communi</span> 
     </span>
     <span class='ocr_line' id='line_1_18' title="bbox 420 2586 2784 2664; baseline 0 -22"><span class='ocrx_word' id='word_1_147' title='bbox 420 2586 649 2644; x_wconf 89' lang='lat' dir='ltr'>dicendi</span> <span class='ocrx_word' id='word_1_148' title='bbox 697 2604 914 2661; x_wconf 88' lang='lat' dir='ltr'>genere</span> <span class='ocrx_word' id='word_1_149' title='bbox 961 2586 1390 2659; x_wconf 89' lang='lat' dir='ltr'>constituendo,</span> <span class='ocrx_word' id='word_1_150' title='bbox 1437 2605 1555 2664; x_wconf 92' lang='lat' dir='ltr'>quo</span> <span class='ocrx_word' id='word_1_151' title='bbox 1600 2596 1809 2661; x_wconf 89' lang='lat' dir='ltr'>postea</span> <span class='ocrx_word' id='word_1_152' title='bbox 1855 2605 2058 2644; x_wconf 89' lang='lat' dir='ltr'>omnes</span> <span class='ocrx_word' id='word_1_153' title='bbox 2096 2588 2417 2645; x_wconf 89' lang='lat' dir='ltr'>utebantur</span> <span class='ocrx_word' id='word_1_154' title='bbox 2447 2586 2784 2661; x_wconf 78' lang='lat' dir='ltr'>scriptores,</span> 
     </span>
    </p>

    <p class='ocr_par' dir='ltr' id='par_1_5' title="bbox 417 2688 2785 3174">
     <span class='ocr_line' id='line_1_19' title="bbox 588 2688 2785 2767; baseline -0 -20"><span class='ocrx_word' id='word_1_155' title='bbox 588 2690 659 2747; x_wconf 85' lang='lat' dir='ltr'>ad</span> <span class='ocrx_word' id='word_1_156' title='bbox 707 2691 862 2767; x_wconf 89' lang='lat' dir='ltr'>quod</span> <span class='ocrx_word' id='word_1_157' title='bbox 911 2694 977 2747; x_wconf 91' lang='lat' dir='ltr'>ut</span> <span class='ocrx_word' id='word_1_158' title='bbox 1020 2690 1493 2764; x_wconf 87' lang='lat' dir='ltr'>respondeamus,</span> <span class='ocrx_word' id='word_1_159' title='bbox 1544 2688 1800 2764; x_wconf 89' lang='lat' dir='ltr'>primum</span> <span class='ocrx_word' id='word_1_160' title='bbox 1845 2689 2284 2747; x_wconf 89' lang='lat' dir='ltr'>consideremus</span> <span class='ocrx_word' id='word_1_161' title='bbox 2328 2688 2591 2748; x_wconf 85' lang='lat' dir='ltr'>virorum</span> <span class='ocrx_word' id='word_1_162' title='bbox 2639 2688 2785 2746; x_wconf 90' lang='lat' dir='ltr'>iuris</span> 
     </span>
     <span class='ocr_line' id='line_1_20' title="bbox 418 2790 2782 2870; baseline -0.001 -19"><span class='ocrx_word' id='word_1_163' title='bbox 418 2792 820 2851; x_wconf 89' lang='lat' dir='ltr'>consultorum</span> <span class='ocrx_word' id='word_1_164' title='bbox 869 2812 1231 2864; x_wconf 88' lang='lat' dir='ltr'>sermonem;</span> <span class='ocrx_word' id='word_1_165' title='bbox 1293 2811 1466 2869; x_wconf 92' lang='lat' dir='ltr'>quem</span> <span class='ocrx_word' id='word_1_166' title='bbox 1533 2791 1580 2849; x_wconf 92' lang='lat' dir='ltr'>si</span> <span class='ocrx_word' id='word_1_167' title='bbox 1648 2790 1961 2849; x_wconf 86' lang='lat' dir='ltr'>statuimus</span> <span class='ocrx_word' id='word_1_168' title='bbox 2005 2792 2119 2848; x_wconf 88' lang='lat' dir='ltr'>iam</span> <span class='ocrx_word' id='word_1_169' title='bbox 2166 2791 2593 2870; x_wconf 88' lang='lat' dir='ltr'>antiquissimis</span> <span class='ocrx_word' id='word_1_170' title='bbox 2638 2799 2782 2850; x_wconf 90' lang='lat' dir='ltr'>tem-</span> 
     </span>
     <span class='ocr_line' id='line_1_21' title="bbox 417 2892 2780 2975; baseline -0 -24"><span class='ocrx_word' id='word_1_171' title='bbox 417 2894 663 2968; x_wconf 89' lang='lat' dir='ltr'>poribus</span> <span class='ocrx_word' id='word_1_172' title='bbox 708 2895 1007 2954; x_wconf 91' lang='lat' dir='ltr'>excultum</span> <span class='ocrx_word' id='word_1_173' title='bbox 1056 2902 1233 2973; x_wconf 91' lang='lat' dir='ltr'>atque</span> <span class='ocrx_word' id='word_1_174' title='bbox 1279 2894 1606 2970; x_wconf 87' lang='lat' dir='ltr'>perfectum</span> <span class='ocrx_word' id='word_1_175' title='bbox 1637 2892 1838 2965; x_wconf 89' lang='lat' dir='ltr'>fuisse,</span> <span class='ocrx_word' id='word_1_176' title='bbox 1885 2913 2005 2951; x_wconf 92' lang='lat' dir='ltr'>non</span> <span class='ocrx_word' id='word_1_177' title='bbox 2036 2893 2314 2953; x_wconf 87' lang='lat' dir='ltr'>fallimur.</span> <span class='ocrx_word' id='word_1_178' title='bbox 2382 2913 2636 2975; x_wconf 89' lang='lat' dir='ltr'>namque</span> <span class='ocrx_word' id='word_1_179' title='bbox 2666 2895 2780 2951; x_wconf 92' lang='lat' dir='ltr'>iam</span> 
     </span>
     <span class='ocr_line' id='line_1_22' title="bbox 420 2995 2781 3057; baseline 0 -4"><span class='ocrx_word' id='word_1_180' title='bbox 420 3004 589 3054; x_wconf 86' lang='lat' dir='ltr'>sexto</span> <span class='ocrx_word' id='word_1_181' title='bbox 647 2999 810 3056; x_wconf 88' lang='lat' dir='ltr'>urbis</span> <span class='ocrx_word' id='word_1_182' title='bbox 874 2999 1144 3057; x_wconf 89' lang='lat' dir='ltr'>conditae</span> <span class='ocrx_word' id='word_1_183' title='bbox 1206 2996 1438 3055; x_wconf 90' lang='lat' dir='ltr'>saeculo</span> <span class='ocrx_word' id='word_1_184' title='bbox 1499 2995 1839 3055; x_wconf 85' lang='lat' dir='ltr'>invenimus</span> <span class='ocrx_word' id='word_1_185' title='bbox 1884 2995 2030 3054; x_wconf 91' lang='lat' dir='ltr'>iuris</span> <span class='ocrx_word' id='word_1_186' title='bbox 2076 2997 2477 3054; x_wconf 85' lang='lat' dir='ltr'>consultorum</span> <span class='ocrx_word' id='word_1_187' title='bbox 2520 2997 2781 3056; x_wconf 82' lang='lat' dir='ltr'>virorum</span> 
     </span>
     <span class='ocr_line' id='line_1_23' title="bbox 418 3099 654 3174; baseline -0.004 -18"><span class='ocrx_word' id='word_1_188' title='bbox 418 3099 654 3174; x_wconf 90' lang='lat' dir='ltr'>scripta.</span> 
     </span>
    </p>

    <p class='ocr_par' dir='ltr' id='par_1_6' title="bbox 419 3200 2782 4201">
     <span class='ocr_line' id='line_1_24' title="bbox 591 3200 2781 3281; baseline -0 -22"><span class='ocrx_word' id='word_1_189' title='bbox 591 3223 783 3281; x_wconf 86' lang='lat' dir='ltr'>neque</span> <span class='ocrx_word' id='word_1_190' title='bbox 829 3223 948 3261; x_wconf 90' lang='lat' dir='ltr'>non</span> <span class='ocrx_word' id='word_1_191' title='bbox 995 3201 1318 3262; x_wconf 85' lang='lat' dir='ltr'>verisimile</span> <span class='ocrx_word' id='word_1_192' title='bbox 1365 3207 1470 3274; x_wconf 90' lang='lat' dir='ltr'>est,</span> <span class='ocrx_word' id='word_1_193' title='bbox 1534 3203 1687 3277; x_wconf 90' lang='lat' dir='ltr'>apud</span> <span class='ocrx_word' id='word_1_194' title='bbox 1738 3200 2026 3276; x_wconf 84' lang='lat' dir='ltr'>agricolas</span> <span class='ocrx_word' id='word_1_195' title='bbox 2071 3201 2186 3258; x_wconf 91' lang='lat' dir='ltr'>iam</span> <span class='ocrx_word' id='word_1_196' title='bbox 2234 3201 2454 3259; x_wconf 89' lang='lat' dir='ltr'>eisdem</span> <span class='ocrx_word' id='word_1_197' title='bbox 2501 3201 2781 3275; x_wconf 88' lang='lat' dir='ltr'>tempori-</span> 
     </span>
     <span class='ocr_line' id='line_1_25' title="bbox 419 3305 2782 3385; baseline -0.001 -22"><span class='ocrx_word' id='word_1_198' title='bbox 419 3307 529 3363; x_wconf 92' lang='lat' dir='ltr'>bus</span> <span class='ocrx_word' id='word_1_199' title='bbox 574 3306 874 3364; x_wconf 85' lang='lat' dir='ltr'>exstitisse</span> <span class='ocrx_word' id='word_1_200' title='bbox 920 3305 1308 3365; x_wconf 89' lang='lat' dir='ltr'>constantiam</span> <span class='ocrx_word' id='word_1_201' title='bbox 1356 3307 1650 3385; x_wconf 88' lang='lat' dir='ltr'>quandam</span> <span class='ocrx_word' id='word_1_202' title='bbox 1698 3306 2001 3377; x_wconf 91' lang='lat' dir='ltr'>sermonis,</span> <span class='ocrx_word' id='word_1_203' title='bbox 2061 3305 2342 3384; x_wconf 88' lang='lat' dir='ltr'>quoniam</span> <span class='ocrx_word' id='word_1_204' title='bbox 2387 3305 2782 3378; x_wconf 85' lang='lat' dir='ltr'>agriculturae</span> 
     </span>
     <span class='ocr_line' id='line_1_26' title="bbox 421 3408 2779 3487; baseline 0 -22"><span class='ocrx_word' id='word_1_205' title='bbox 421 3409 670 3467; x_wconf 85' lang='lat' dir='ltr'>Romani</span> <span class='ocrx_word' id='word_1_206' title='bbox 718 3409 974 3466; x_wconf 85' lang='lat' dir='ltr'>maxime</span> <span class='ocrx_word' id='word_1_207' title='bbox 1020 3416 1188 3468; x_wconf 88' lang='lat' dir='ltr'>erant</span> <span class='ocrx_word' id='word_1_208' title='bbox 1233 3410 1433 3467; x_wconf 86' lang='lat' dir='ltr'>dediti.</span> <span class='ocrx_word' id='word_1_209' title='bbox 1525 3428 1718 3487; x_wconf 89' lang='lat' dir='ltr'>neque</span> <span class='ocrx_word' id='word_1_210' title='bbox 1765 3409 2154 3467; x_wconf 89' lang='lat' dir='ltr'>omittendum</span> <span class='ocrx_word' id='word_1_211' title='bbox 2186 3414 2292 3479; x_wconf 93' lang='lat' dir='ltr'>est,</span> <span class='ocrx_word' id='word_1_212' title='bbox 2340 3409 2619 3468; x_wconf 83' lang='lat' dir='ltr'>Catonem</span> <span class='ocrx_word' id='word_1_213' title='bbox 2665 3408 2779 3466; x_wconf 90' lang='lat' dir='ltr'>iam</span> 
     </span>
     <span class='ocr_line' id='line_1_27' title="bbox 420 3511 2782 3586; baseline -0.001 -16"><span class='ocrx_word' id='word_1_214' title='bbox 420 3530 489 3570; x_wconf 92' lang='lat' dir='ltr'>eo</span> <span class='ocrx_word' id='word_1_215' title='bbox 534 3531 705 3569; x_wconf 90' lang='lat' dir='ltr'>usum</span> <span class='ocrx_word' id='word_1_216' title='bbox 751 3531 879 3570; x_wconf 90' lang='lat' dir='ltr'>esse</span> <span class='ocrx_word' id='word_1_217' title='bbox 923 3511 985 3569; x_wconf 95' lang='lat' dir='ltr'>in</span> <span class='ocrx_word' id='word_1_218' title='bbox 1031 3512 1184 3570; x_wconf 91' lang='lat' dir='ltr'>libro</span> <span class='ocrx_word' id='word_1_219' title='bbox 1231 3532 1336 3571; x_wconf 91' lang='lat' dir='ltr'>suo</span> <span class='ocrx_word' id='word_1_220' title='bbox 1383 3513 1454 3570; x_wconf 91' lang='lat' dir='ltr'>de</span> <span class='ocrx_word' id='word_1_221' title='bbox 1485 3511 1862 3586; x_wconf 88' lang='lat' dir='ltr'>agricultura.</span> <span class='ocrx_word' id='word_1_222' title='bbox 1934 3511 2098 3570; x_wconf 88' lang='lat' dir='ltr'>cuius</span> <span class='ocrx_word' id='word_1_223' title='bbox 2144 3512 2432 3570; x_wconf 88' lang='lat' dir='ltr'>sermonis</span> <span class='ocrx_word' id='word_1_224' title='bbox 2464 3513 2534 3569; x_wconf 91' lang='lat' dir='ltr'>de</span> <span class='ocrx_word' id='word_1_225' title='bbox 2566 3530 2782 3585; x_wconf 87' lang='lat' dir='ltr'>genere</span> 
     </span>
     <span class='ocr_line' id='line_1_28' title="bbox 420 3613 2778 3691; baseline 0 -22"><span class='ocrx_word' id='word_1_226' title='bbox 420 3620 596 3691; x_wconf 88' lang='lat' dir='ltr'>atque</span> <span class='ocrx_word' id='word_1_227' title='bbox 667 3618 877 3672; x_wconf 89' lang='lat' dir='ltr'>natura</span> <span class='ocrx_word' id='word_1_228' title='bbox 943 3634 1012 3671; x_wconf 88' lang='lat' dir='ltr'>eo</span> <span class='ocrx_word' id='word_1_229' title='bbox 1073 3613 1201 3689; x_wconf 90' lang='lat' dir='ltr'>ipso</span> <span class='ocrx_word' id='word_1_230' title='bbox 1264 3614 1417 3672; x_wconf 92' lang='lat' dir='ltr'>libro</span> <span class='ocrx_word' id='word_1_231' title='bbox 1480 3615 1667 3672; x_wconf 91' lang='lat' dir='ltr'>multa</span> <span class='ocrx_word' id='word_1_232' title='bbox 1725 3623 2024 3689; x_wconf 88' lang='lat' dir='ltr'>comperta</span> <span class='ocrx_word' id='word_1_233' title='bbox 2085 3615 2387 3672; x_wconf 76' lang='lat' dir='ltr'>habemus,</span> <span class='ocrx_word' id='word_1_234' title='bbox 2477 3621 2569 3673; x_wconf 93' lang='lat' dir='ltr'>est</span> <span class='ocrx_word' id='word_1_235' title='bbox 2622 3614 2778 3672; x_wconf 91' lang='lat' dir='ltr'>enim</span> 
     </span>
     <span class='ocr_line' id='line_1_29' title="bbox 421 3716 2780 3795; baseline 0.002 -23"><span class='ocrx_word' id='word_1_236' title='bbox 421 3721 662 3790; x_wconf 89' lang='lat' dir='ltr'>propter</span> <span class='ocrx_word' id='word_1_237' title='bbox 706 3735 901 3774; x_wconf 89' lang='lat' dir='ltr'>rerum</span> <span class='ocrx_word' id='word_1_238' title='bbox 931 3717 1299 3791; x_wconf 82' lang='lat' dir='ltr'>varietatem,</span> <span class='ocrx_word' id='word_1_239' title='bbox 1345 3736 1498 3795; x_wconf 89' lang='lat' dir='ltr'>quae</span> <span class='ocrx_word' id='word_1_240' title='bbox 1543 3718 1643 3776; x_wconf 87' lang='lat' dir='ltr'>hic</span> <span class='ocrx_word' id='word_1_241' title='bbox 1672 3723 2126 3792; x_wconf 88' lang='lat' dir='ltr'>pertractantur,</span> <span class='ocrx_word' id='word_1_242' title='bbox 2173 3716 2429 3773; x_wconf 87' lang='lat' dir='ltr'>maxime</span> <span class='ocrx_word' id='word_1_243' title='bbox 2467 3718 2780 3776; x_wconf 77' lang='lat' dir='ltr'>notandus,</span> 
     </span>
     <span class='ocr_line' id='line_1_30' title="bbox 421 3819 2781 3898; baseline 0.001 -23"><span class='ocrx_word' id='word_1_244' title='bbox 421 3819 579 3896; x_wconf 91' lang='lat' dir='ltr'>quod</span> <span class='ocrx_word' id='word_1_245' title='bbox 624 3819 862 3897; x_wconf 90' lang='lat' dir='ltr'>quidem</span> <span class='ocrx_word' id='word_1_246' title='bbox 911 3820 1205 3894; x_wconf 88' lang='lat' dir='ltr'>dependet</span> <span class='ocrx_word' id='word_1_247' title='bbox 1249 3820 1322 3877; x_wconf 90' lang='lat' dir='ltr'>de</span> <span class='ocrx_word' id='word_1_248' title='bbox 1366 3819 1677 3893; x_wconf 87' lang='lat' dir='ltr'>agricolae,</span> <span class='ocrx_word' id='word_1_249' title='bbox 1737 3838 1912 3898; x_wconf 87' lang='lat' dir='ltr'>quam</span> <span class='ocrx_word' id='word_1_250' title='bbox 1957 3827 2220 3894; x_wconf 89' lang='lat' dir='ltr'>praestat</span> <span class='ocrx_word' id='word_1_251' title='bbox 2263 3819 2326 3876; x_wconf 91' lang='lat' dir='ltr'>in</span> <span class='ocrx_word' id='word_1_252' title='bbox 2373 3820 2646 3878; x_wconf 90' lang='lat' dir='ltr'>omnibus</span> <span class='ocrx_word' id='word_1_253' title='bbox 2689 3840 2781 3878; x_wconf 91' lang='lat' dir='ltr'>re-</span> 
     </span>
     <span class='ocr_line' id='line_1_31' title="bbox 421 3919 2778 3998; baseline -0 -20"><span class='ocrx_word' id='word_1_254' title='bbox 421 3923 548 3998; x_wconf 88' lang='lat' dir='ltr'>bus,</span> <span class='ocrx_word' id='word_1_255' title='bbox 608 3921 1010 3997; x_wconf 85' lang='lat' dir='ltr'>experientia,</span> <span class='ocrx_word' id='word_1_256' title='bbox 1073 3922 1159 3981; x_wconf 92' lang='lat' dir='ltr'>ita</span> <span class='ocrx_word' id='word_1_257' title='bbox 1219 3927 1287 3980; x_wconf 90' lang='lat' dir='ltr'>ut</span> <span class='ocrx_word' id='word_1_258' title='bbox 1344 3929 1404 3981; x_wconf 91' lang='lat' dir='ltr'>et</span> <span class='ocrx_word' id='word_1_259' title='bbox 1462 3923 1787 3980; x_wconf 88' lang='lat' dir='ltr'>medicinae</span> <span class='ocrx_word' id='word_1_260' title='bbox 1849 3927 1910 3979; x_wconf 90' lang='lat' dir='ltr'>et</span> <span class='ocrx_word' id='word_1_261' title='bbox 1965 3919 2394 3980; x_wconf 84' lang='lat' dir='ltr'>architecturae</span> <span class='ocrx_word' id='word_1_262' title='bbox 2440 3927 2551 3979; x_wconf 91' lang='lat' dir='ltr'>etc.</span> <span class='ocrx_word' id='word_1_263' title='bbox 2626 3921 2778 3978; x_wconf 90' lang='lat' dir='ltr'>haud</span> 
     </span>
     <span class='ocr_line' id='line_1_32' title="bbox 419 4024 2779 4104; baseline 0 -23"><span class='ocrx_word' id='word_1_264' title='bbox 419 4025 660 4100; x_wconf 88' lang='lat' dir='ltr'>ignarus</span> <span class='ocrx_word' id='word_1_265' title='bbox 706 4044 831 4083; x_wconf 90' lang='lat' dir='ltr'>esse</span> <span class='ocrx_word' id='word_1_266' title='bbox 876 4025 1168 4084; x_wconf 81' lang='lat' dir='ltr'>videatur.</span> <span class='ocrx_word' id='word_1_267' title='bbox 1255 4026 1459 4104; x_wconf 89' lang='lat' dir='ltr'>itaque</span> <span class='ocrx_word' id='word_1_268' title='bbox 1506 4025 1723 4084; x_wconf 90' lang='lat' dir='ltr'>multae</span> <span class='ocrx_word' id='word_1_269' title='bbox 1769 4025 1864 4083; x_wconf 88' lang='lat' dir='ltr'>hic</span> <span class='ocrx_word' id='word_1_270' title='bbox 1909 4024 2191 4098; x_wconf 88' lang='lat' dir='ltr'>leguntur</span> <span class='ocrx_word' id='word_1_271' title='bbox 2233 4024 2581 4095; x_wconf 89' lang='lat' dir='ltr'>locutiones,</span> <span class='ocrx_word' id='word_1_272' title='bbox 2629 4043 2779 4102; x_wconf 89' lang='lat' dir='ltr'>quae</span> 
     </span>
     <span class='ocr_line' id='line_1_33' title="bbox 421 4129 1531 4201; baseline 0 -15"><span class='ocrx_word' id='word_1_273' title='bbox 421 4130 726 4201; x_wconf 89' lang='lat' dir='ltr'>medicum,</span> <span class='ocrx_word' id='word_1_274' title='bbox 773 4129 1003 4185; x_wconf 85' lang='lat' dir='ltr'>fabrum</span> <span class='ocrx_word' id='word_1_275' title='bbox 1052 4134 1161 4188; x_wconf 84' lang='lat' dir='ltr'>etc.</span> <span class='ocrx_word' id='word_1_276' title='bbox 1207 4129 1531 4187; x_wconf 88' lang='lat' dir='ltr'>redoleant.</span> 
     </span>
    </p>
   </div>
  </div>
 </body>
</html>
