3244 4792
1417 168 1797 239 *2*

419 345 684 409 latinitat
718 368 967 425 gewann
1007 350 1159 409 auch
1190 349 1321 408 hier
1346 351 1514 407 mehr
1544 349 1790 409 freiheit
1832 350 1954 408 und
2002 349 2265 423 umfang.
2312 381 2396 393 —
2444 369 2581 407 man
2627 349 2788 408 kann

418 453 587 511 nicht
631 471 808 526 sagen
856 453 1396 528 philosophia
1439 453 1609 526 agit
1655 454 1727 511 de
1773 452 1993 511 finibus
2037 454 2327 510 bonorum
2375 458 2436 512 et
2482 451 2788 525 malorum,

419 556 581 617 wohl
625 557 768 613 aber
811 556 887 612 in
934 554 1451 631 philosophia
1495 555 1755 630 agitur
1787 602 1801 617 .
1836 600 1851 616 .
1885 602 1896 615 .
1933 577 1983 629 .;
2030 557 2294 631 dagegen
2341 556 2460 615 Oic.
2493 557 2564 614 de
2597 574 2788 615 senec.

421 663 477 729 6,
531 662 604 717 15
650 677 686 715 a
728 659 907 716 rebus
952 658 1225 732 gerendis
1271 664 1643 718 senectus
1688 658 2160 717 abstrahit.“
2208 692 2293 703 —

590 761 803 819 deinde
848 763 916 819 R.
968 761 1239 820 Klotzius
1302 761 1365 818 in
1422 761 1575 819 libro
1638 780 1743 819 suo
1804 762 2160 833 „handbuch
2208 763 2314 820 der
2357 761 2457 821 lat.
2504 761 2790 821 stilistik“

417 862 695 940 (Leipzig
746 863 953 938 1874),
998 865 1028 935 ξ
1078 869 1154 921 25
1203 864 1337 922 adn.
1387 868 1421 921 5
1471 864 1542 922 de
1588 869 1792 923 nostra
1836 864 2185 943 quaestione
2229 866 2376 923 haec
2421 865 2599 924 dicit:

591 966 739 1039 „mit
794 985 1029 1040 grosser
1072 967 1340 1027 vorsicht
1402 968 1506 1026 hat
1549 986 1684 1025 man
1732 967 1930 1026 ferner
1977 968 2189 1025 darauf
2228 987 2302 1024 zu
2348 968 2593 1039 achten,
2657 968 2790 1025 dass

418 1069 512 1125 bei
561 1068 938 1143 verbindung
982 1068 1146 1128 eines
1191 1069 1530 1130 zeitwortes
1590 1070 1701 1128 mit
1745 1070 1936 1128 einem
1984 1070 2543 1144 substantivbegriff
2581 1070 2790 1127 immer

420 1171 517 1228 die
561 1171 823 1230 reinheit
867 1172 969 1231 des
1015 1173 1337 1231 ausdrucks
1382 1173 1652 1247 gewahrt
1694 1172 1906 1231 bleibe.
1971 1193 2023 1232 z.
2069 1174 2124 1232 b.
2173 1177 2304 1247 sagt
2348 1192 2479 1230 man
2530 1172 2638 1231 mit
2667 1173 2787 1230 Cic.

419 1279 541 1333 Att.
600 1278 688 1342 11,
744 1278 818 1332 14
882 1295 1000 1333 non
1064 1294 1158 1333 me
1222 1276 1584 1335 offendit
1628 1276 1950 1336 veritas
2011 1275 2339 1336 litterarum
2386 1282 2656 1349 tuarum;
2702 1308 2785 1317 —

416 1379 496 1436 id.
542 1397 637 1453 ep.
688 1378 790 1450 VI,
827 1382 896 1450 ,1,
933 1382 1002 1436 11
1056 1378 1238 1437 simus
1281 1378 1470 1453 igitur
1515 1397 1584 1436 ea
1630 1387 1847 1452 mente,
1895 1397 2069 1457 quam
2117 1379 2432 1439 veritas
2476 1383 2536 1437 et
2578 1379 2784 1437 ratio
2875 1406 2880 1409 ·

417 1481 928 1556 praescribit.
1004 1482 1152 1539 auch
1199 1490 1331 1555 sagt
1376 1500 1507 1538 man
1556 1481 1762 1540 ratio
1808 1480 2029 1556 cogit,
2075 1482 2219 1539 oder
2260 1482 2463 1540 ratio
2509 1481 2786 1557 aperit.

416 1603 551 1641 man
597 1591 728 1658 sagt
770 1584 971 1642 ferner
1017 1583 1297 1642 fabula
1343 1584 1611 1655 docet;
1674 1583 1849 1642 dies
1907 1603 2001 1641 me
2064 1583 2447 1656 deficiat,
2507 1584 2556 1642 si
2605 1584 2784 1645 velim

416 1705 689 1760 narrare;
733 1705 860 1744 res
904 1686 1303 1762 postulat3
1365 1705 1601 1746 causa
1645 1686 1822 1747 talem
1869 1685 2121 1745 iudicem
2168 1686 2559 1765 requirit;
2607 1705 2787 1744 con-

419 1790 627 1847 dicio
675 1789 759 1848 rei
808 1808 940 1848 eum
987 1796 1301 1865 patronum
1350 1790 1779 1848 desiderat.

587 1894 731 1950 aber
785 1892 972 1951 falsch
1033 1911 1155 1954 war
1199 1912 1296 1965 es,
1356 1893 1765 1951 anzunehmen
1826 1893 1921 1952 bei
1970 1893 2089 1953 Cic.
2134 1893 2302 1952 Caec.
2354 1897 2449 1964 10,
2498 1897 2577 1950 30
2624 1892 2786 1954 visus

416 2002 506 2055 est
550 1995 692 2054 mihi
742 1996 932 2071 primo
978 2002 1278 2056 veterator
1321 1996 1673 2070 intellegere
1718 1996 2036 2071 praeclare,
2085 1996 2229 2075 quid
2274 2014 2509 2054 causa
2554 2001 2784 2071 opta-

416 2108 570 2172 ret,
632 2104 779 2157 statt
842 2099 983 2177 quid
1051 2118 1259 2157 causae
1324 2099 1601 2158 obstaret.
1666 2133 1748 2142 -
1789 2117 1956 2157 =·aus
2020 2098 2425 2173 gleichem
2487 2099 2784 2173 grunde

416 2220 571 2261 war
631 2220 711 2259 es
775 2202 1017 2260 sehon
1078 2202 1159 2258 in
1210 2203 1624 2261 mehrerer
1667 2202 2038 2260 hinsicht
2101 2221 2347 2276 gegen
2395 2202 2525 2259 die
2568 2202 2786 2260 rein-

417 2305 595 2363 heit
660 2306 796 2362 der
862 2303 1425 2363 lateinischen
1489 2305 1821 2380 sprache
1885 2306 2042 2362 und
2107 2304 2234 2362 die
2297 2303 2789 2379 gesundheit

415 2407 543 2465 des
589 2408 1070 2477 ausdrucks‚
1131 2426 1355 2468 wenn
1402 2427 1478 2467 es
1523 2408 1708 2469 Sall.
1758 2410 1915 2482 Iug.
1966 2412 2064 2479 41,
2115 2412 2149 2464 3
2197 2408 2499 2466 heisst:
2563 2407 2790 2466 scilicet

415 2529 512 2583 ea,
573 2529 723 2589 quae
769 2512 1176 2569 secundae
1223 2530 1302 2569 re
1329 2531 1357 2569 s
1401 2517 1694 2582 amant,
1758 2510 2002 2571 lascivia
2046 2518 2107 2569 et
2151 2510 2429 2586 superbia
2471 2510 2785 2569 incessere.

589 2615 735 2671 den
783 2613 1151 2672 dichtern
1198 2632 1352 2674 war
1396 2615 1685 2672 solche
1728 2615 1909 2672 rede
1954 2613 2559 2688 nachgelassen3
2605 2614 2789 2672 aber

415 2716 538 2775 sie
597 2717 852 2774 haben
926 2717 1212 2774 dessen
1273 2718 1799 2790 ungeachtet,
1855 2719 1930 2791 je
1989 2718 2273 2774 besser
2336 2716 2451 2775 sie
2510 2734 2786 2789 waren,

416 2821 646 2878 einen
721 2838 836 2876 um
911 2837 989 2876 so
1066 2820 1774 2878 beschriinkteren
1852 2820 2254 2894 gebrauch
2320 2820 2589 2878 daven
2656 2837 2786 2893 ge-

417 2923 742 2981 macht.“
788 2954 872 2965 --

586 3023 764 3100 paulo
808 3025 1178 3084 accuratiora
1225 3024 1503 3099 leguntur
1547 3027 1704 3102 apud
1742 3026 2101 3105 Seyffertum
2147 3026 2211 3084 in
2258 3024 2592 3101 „Palaestra
2621 3024 2783 3082 Cice·

418 3128 723 3198 roniana“,
765 3126 883 3204 (ed.
935 3126 996 3203 5)
1044 3135 1247 3189 mater.
1295 3129 1376 3199 ΙΙ,
1424 3148 1552 3204 cap.
1596 3128 1702 3202 IV,
1747 3132 1778 3203 ξ
1830 3132 1925 3201 12,
1972 3134 2028 3187 3.
2119 3128 2221 3206 qui
2281 3135 2597 3203 praecepto
2655 3129 2784 3203 ipso

416 3230 721 3306 proposito
766 3248 837 3288 ea
875 3230 1165 3306 exempla,
1213 3231 1273 3288 in
1307 3231 1524 3308 quibus
1572 3230 1869 3290 omittitur
1897 3230 2122 3304 regula,
2168 3229 2431 3288 diversas
2475 3230 2538 3288 in
2571 3231 2786 3289 classes

417 3340 710 3407 segregat.
799 3352 950 3411 quae
998 3338 1169 3391 sunt:

565 3436 621 3512 l)
669 3435 931 3506 Graecia,
978 3453 1132 3513 quae
1177 3453 1411 3511 semper
1455 3436 1601 3494 haec
1646 3454 1875 3494 summa
1919 3436 2109 3509 duxit,
2170 3455 2279 3513 pro
2324 3436 2609 3510 „Graeci“
2655 3435 2781 3492 sim.

438 3575 445 3576 ff
559 3538 623 3614 2)
669 3556 873 3596 omnes
934 3537 1407 3596 honestates
1465 3538 2041 3611 consentiunt3
2093 3572 2167 3581 —
2221 3558 2579 3598 summorum
2625 3536 2784 3596 viro-

675 3661 806 3700 rum
851 3642 1308 3701 auctoritas
1354 3640 1668 3713 efficit;
1730 3640 1838 3714 al.;
1897 3641 1959 3700 in
2020 3641 2237 3720 quibus
2292 3639 2602 3717 personale
2648 3641 2783 3698 sub-

674 3745 889 3803 iectum
937 3744 1442 3820 circumscriptum
1489 3748 1581 3803 est
1624 3743 1910 3804 subiectis
1955 3744 2064 3806 rei.

563 3852 628 3923 3)
674 3846 1183 3923 proverbium
1231 3854 1526 3920 monet,
1570 3881 1656 3891 -
1700 3866 1823 3907 res
1868 3853 2160 3920 monet,
2206 3879 2290 3890 -—-
2335 3866 2459 3905 res
2503 3854 2785 3923 postu-

674 3950 818 4022 lat,
863 3980 948 3992 —-
993 3968 1227 4007 causa
1270 3950 1638 4028 requirit
1680 3982 1764 3994 —
1810 3952 1938 4009 sim.

586 4053 778 4112 fusius
821 4070 964 4112 vero
1010 4072 1134 4110 rem
1178 4059 1394 4112 tractat
1426 4054 1929 4128 Naegelsbachius
1975 4053 2037 4110 in
2066 4052 2222 4111 libro
2255 4072 2360 4111 suo
2393 4051 2786 4126 „lateinische

419 4157 665 4220 stilistik
741 4157 841 4214 fiir
919 4155 1236 4215 Deutsche.
1339 4155 1427 4235 [iu
1496 4158 1637 4215 edit.
1708 4156 1742 4214 7
1827 4158 1900 4215 ab
1981 4158 2204 4213 Ioanne
2271 4155 2561 4214 Muellero
2627 4157 2783 4214 edita
