3244 4792
1416 240 1493 256 ι-
1585 203 1624 273 3
1718 242 1792 256 ..Ι-δ

417 402 516 458 pg.
549 384 672 441 478
707 403 794 462 sq.
848 402 1070 456 eorum,
1117 403 1269 463 quae
1316 384 1649 462 disputavit
1690 383 2212 459 Naegelsbachius,
2273 403 2501 443 summa
2550 380 2786 459 integra

416 487 707 562 repetitur
749 488 956 561 paucis
999 488 1349 565 quibusdam
1395 485 1687 565 mutatis]
1734 489 1837 567 qui
1884 488 2209 561 contendit,
2254 487 2318 545 in
2358 488 2445 546 eis
2475 486 2786 563 exemplis,

418 590 517 647 ubi
579 589 846 648 subiecta
905 589 989 648 rei
1051 609 1181 649 cum
1227 592 1428 651 verbis
1490 591 1806 650 coniuncta
1849 590 2005 663 sint,
2066 609 2219 669 quae
2261 590 2556 650 actionem
2602 590 2784 665 signi-

416 691 613 767 ficent,
658 693 978 768 scriptores
1020 693 1284 752 imitatos
1329 712 1457 752 esse
1487 699 1794 770 poetarum
1827 694 2058 752 dicendi
2093 711 2298 768 genus.
2346 726 2429 738 —-
2473 693 2561 752 usi
2601 693 2786 768 igitur

417 800 558 852 sunt
599 794 818 868 figura,
883 814 1036 873 quae
1078 802 1329 855 vocatur
1386 797 1837 873 prosopopoeia.
1905 830 1988 841 --
2049 813 2244 875 neque
2303 802 2500 855 tamen
2562 796 2786 856 severis

416 898 638 970 regulis
683 898 1084 956 circumscribi
1130 917 1323 975 posse,
1370 906 1665 979 quatenus
1700 899 1763 956 in
1797 918 1971 975 prosa
2000 898 2266 958 oratione
2300 899 2575 976 progredi
2606 899 2786 958 liceat

418 1000 476 1056 in
537 1001 732 1075 poetis
789 1001 1126 1073 imitandis,
1187 1003 1288 1060 sed
1349 1001 1735 1062 scribentium
1798 1001 2107 1063 voluntate
2165 1006 2227 1061 et
2285 1020 2504 1078 genere
2550 1002 2781 1061 dicendi

420 1103 733 1160 maximam
780 1103 908 1162 fieri
955 1105 1322 1164 varietatem.

588 1206 860 1265 concedit
902 1212 1120 1281 tamen,
1181 1210 1469 1286 quaedam
1534 1209 1943 1285 exemplorum
2004 1228 2223 1284 genera
2283 1213 2343 1268 et
2387 1208 2602 1268 classes
2646 1228 2785 1285 pro-

416 1307 558 1365 ferri
605 1327 794 1384 posse,
843 1310 946 1367 ubi
992 1330 1196 1369 omnes
1241 1311 1562 1387 scriptores
1603 1310 1669 1368 in
1715 1311 1998 1370 subiectis
2041 1312 2130 1370 rei
2176 1332 2307 1371 cum
2353 1312 2554 1372 verbis
2598 1312 2779 1370 actio-

420 1411 510 1468 nis
557 1411 987 1486 coniungendis
1034 1415 1429 1473 consentiant.
1498 1434 1749 1493 quorum
1783 1413 2186 1491 exemplorum
2221 1421 2502 1493 quattuor
2544 1414 2783 1490 potissi·

418 1534 575 1570 mum
623 1514 937 1589 distinguit
979 1535 1228 1590 genera:

571 1616 624 1693 l)
670 1617 895 1676 animi
944 1622 1312 1697 quaedam
1359 1619 1694 1680 affectio
1739 1620 1856 1680 vel
1902 1621 2252 1679 conditio
2297 1622 2408 1680 ita
2454 1623 2785 1680 eminere

671 1720 1034 1794 videtur,
1081 1728 1164 1782 ut
1205 1723 1472 1799 ipsius
1515 1742 1898 1799 personae
1943 1731 2226 1798 partes
2271 1728 2469 1798 agat.
2527 1725 2602 1783 cf.
2650 1723 2781 1785 Liv.

675 1827 772 1898 21,
824 1829 879 1896 8,
929 1829 964 1883 8
1010 1825 1153 1884 hinc
1214 1846 1424 1902 spes,
1484 1827 1625 1885 hinc
1686 1826 2144 1901 desperatio
2200 1826 2431 1887 animos
2493 1827 2784 1888 irritat.

561 1930 623 2001 2)
670 1929 1279 1989 substantivum
1346 1931 1829 1990 abstractum
1893 1928 2249 1987 subiecti
2312 1928 2493 1988 loco
2561 1930 2783 2005 posi-

674 2038 824 2088 tum
872 2039 1032 2105 est,
1096 2052 1256 2091 cum
1317 2031 1627 2091 actioni
1689 2032 1856 2108 ipsi
1903 2032 2145 2090 maior
2189 2031 2632 2090 tribuenda
2674 2031 2787 2091 sit

671 2133 787 2191 vis
833 2138 1050 2212 quAm
1099 2154 1498 2212 personae.
1543 2136 1616 2194 cf.
1649 2135 1767 2195 Cic.
1801 2153 1894 2192 me
1938 2134 2288 2209 scriptio
2332 2140 2394 2193 et
2439 2133 2784 2194 litterae

670 2257 790 2295 non
837 2238 1157 2296 leniunt
1200 2240 1299 2296 sed
1349 2240 1815 2298 obturbant.
2159 2238 2161 2241 ’

563 2340 626 2417 3)
672 2341 1301 2417 personificatio
1349 2347 1503 2401 tum
1553 2362 1691 2402 suo
1735 2341 1907 2401 loco
1953 2346 2106 2415 est,
2168 2360 2333 2400 cum
2378 2341 2650 2418 agitur
2695 2343 2782 2402 de

677 2446 914 2504 rebus
977 2445 1346 2521 publicis
1409 2454 1480 2504 et
1543 2446 1886 2507 litteris.
1973 2446 2106 2505 sed
2169 2464 2472 2522 semper
2513 2451 2782 2506 certae

676 2556 864 2607 sunt
924 2549 1341 2618 notiones,
1407 2549 1698 2628 quibus
1757 2548 2089 2625 propria
2147 2555 2269 2607 est
2326 2549 2784 2624 personifi-

677 2651 888 2709 catio
909 2696 923 2722 ,
987 2659 1054 2710 ut
1097 2652 1407 2723 sententia,
1470 2652 1813 2727 disputatio,
1872 2651 2325 2726 argumentatio,
2383 2652 2746 2712 consuetudo
2768 2698 2781 2724 ,

676 2754 801 2812 sim.
849 2754 921 2812 cf.
968 2753 1131 2812 Caes.
1178 2755 1317 2813 bell.
1363 2754 1476 2816 civ.
1524 2760 1579 2825 2,
1605 2760 1686 2812 30
1734 2761 1903 2814 erant
1947 2754 2439 2827 sententiae,
2488 2773 2643 2832 quae
2686 2774 2782 2814 co-

680 2857 935 2914 nandum
984 2858 1259 2915 omnibus
1305 2859 1477 2916 modo
1522 2865 1834 2936 castraque
1884 2858 2023 2916 Vari
2071 2858 2471 2932 oppugnanda
2517 2876 2782 2917 cense-

674 2967 868 3018 rent.
901 2993 985 3002 —
1024 2960 1143 3018 Cic.
1177 2961 1358 3018 Acad.
1397 2965 1451 3031 2,
1487 2965 1544 3032 3,
1581 2960 1613 3017 7
1663 2978 1858 3037 neque
1904 2966 2139 3019 nostrae
2182 2959 2783 3036 disputationes

676 3062 988 3141 quicquam
1023 3063 1181 3121 aliud
1215 3072 1415 3138 agunt,
1463 3062 1576 3120 nisi
1624 3069 1691 3121 ut
1721 3096 1799 3105 -
1834 3062 2179 3122 eliciant
2209 3097 2290 3106 —
2335 3061 2577 3141 aliquid,
2624 3064 2781 3142 quod

677 3170 780 3224 aut
839 3184 1045 3226 verum
1104 3167 1215 3240 sit,
1278 3172 1382 3226 aut
1442 3167 1514 3224 ad
1575 3165 1637 3224 id
1696 3184 1873 3244 quam
1918 3165 2190 3242 proxime
2233 3165 2489 3228 accedat.
2534 3197 2617 3207 —
2662 3166 2780 3226 Cic.

675 3268 777 3328 fin.
810 3273 998 3343 2,15‚
1030 3275 1111 3328 48
1156 3274 1226 3329 ut
1267 3269 1425 3329 enim
1472 3269 1971 3329 consuetudo
2019 3268 2419 3348 loquitur,
2480 3267 2541 3326 id
2590 3268 2779 3328 solum

677 3372 892 3432 dicitur
934 3372 1248 3433 honestum
1273 3416 1288 3434 .
1322 3418 1338 3434 .
1372 3418 1385 3432 .
1411 3417 1428 3434 .

563 3474 627 3551 4)
672 3475 791 3534 huc
835 3476 1261 3552 pertinent
1304 3483 1513 3536 artes
1556 3483 1634 3536 et
1674 3476 2044 3548 litterae,
2092 3492 2287 3554 quae
2330 3473 2554 3551 ipsae
2597 3476 2779 3549 eius,

678 3597 882 3656 quae
926 3579 1247 3658 aliquid
1293 3585 1503 3655 agat,
1553 3597 1953 3656 personae
1998 3577 2175 3638 vice
2218 3577 2451 3652 fungi
2495 3578 2781 3638 viden·

675 3686 823 3740 tur.
869 3683 944 3742 cf.
992 3683 1107 3741 Cic.
1155 3682 1257 3743 fin.
1307 3688 1362 3757 3,
1411 3689 1466 3755 2,
1513 3688 1551 3741 4
1599 3681 2112 3758 agricultura
2156 3699 2256 3739 eas
2299 3698 2410 3752 res,
2455 3681 2519 3738 in
2565 3681 2782 3760 quibus

674 3790 963 3858 versatur,
1010 3786 1349 3844 nominibus
1392 3786 1704 3846 notavit
1747 3784 1936 3846 novis.
1984 3815 2065 3826 --

588 3887 704 3945 hoc
765 3888 939 3946 modo
1002 3906 1356 3968 quamquam
1422 3908 1516 3948 res
1577 3908 1698 3948 non
1746 3886 1898 3946 male
1943 3905 1978 3944 a
2020 3884 2490 3961 Naegelsbaohio
2537 3886 2783 3946 definita

418 3999 510 4047 est
554 3995 615 4047 et
660 3989 972 4066 descripta,
1017 3997 1214 4050 tamen
1263 4009 1349 4063 ea,
1396 4012 1548 4071 quae
1591 3990 1862 4068 protulit,
1909 3990 2174 4048 nondum
2220 3989 2557 4063 sufficiunt3
2617 4009 2780 4048 nam-

418 4111 534 4170 que
580 4096 981 4172 quaerendum
1027 4100 1135 4163 est,
1182 4096 1337 4171 quod
1385 4094 1715 4154 subiectum
1759 4094 1844 4152 rei
1892 4092 2106 4171 cuique
2145 4092 2348 4164 verbo,
2395 4093 2552 4170 quod
2599 4092 2781 4150 actio-

418 4213 553 4253 nem
599 4195 911 4272 significet,
958 4216 1036 4255 ex
1082 4196 1478 4256 Romanorum
1528 4189 1956 4257 consuetudine
2002 4194 2363 4268 coniungere
2407 4194 2599 4252 liceat.

2297 4294 2370 4353 14(-
