3244 4792
1321 202 1741 268 -41...

276 432 289 451 ,
361 377 448 435 eis
494 378 806 436 tribuenda
850 384 955 451 est,
1021 379 1174 457 quod
1246 383 1488 437 exortae
1534 384 1691 450 sunt,
1758 377 2025 450 Graecis,
2085 378 2243 458 quod
2288 377 2539 436 Romani
2584 377 2714 434 imi-

354 483 648 551 tabantur,
695 481 1080 556 scriptoribus
1127 483 1197 538 ad
1246 482 1492 541 verbum
1539 481 1601 538 in
1647 481 1909 555 linguam
1956 481 2232 539 Latinam
2279 480 2599 540 conversis.

525 583 795 642 omnibus
841 584 936 642 his
983 585 1354 643 sermonibus
1401 583 1730 643 contrarius
1775 590 1867 642 est
1911 604 2101 643 sermo
2147 584 2427 660 vulgaris,
2474 603 2551 642 ex
2596 603 2713 661 quo

351 685 637 761 plurimae
684 687 1035 762 scriptorum
1080 687 1412 746 locutiones
1458 687 1718 763 origines
1764 708 1897 746 suas
1927 689 2166 747 ducunt.
2234 688 2464 767 [itaque
2508 691 2714 763 postea

352 807 456 845 eae
500 789 690 864 primo
736 789 866 848 loco
913 792 1254 850 tractandae
1301 787 1488 867 sunt.]

521 898 658 950 ante
703 893 902 951 omnia
945 895 1102 951 enim
1149 894 1512 952 consuetudo
1559 893 1807 950 addendi
1857 892 2130 951 notiones
2175 912 2286 965 res,
2333 891 2712 962 consuetude,

350 1012 540 1066 causa,
587 995 740 1074 sim.‚
784 1003 846 1054 et
891 1002 1099 1054 neutra
1144 996 1560 1071 pronominum
1607 995 1687 1067 id,
1747 997 1879 1067 hoc,
1942 995 2099 1073 quod
2145 1000 2255 1053 etc.
2301 993 2582 1053 subiectis
2625 993 2710 1049 rei

348 1096 488 1154 hinc
534 1116 662 1155 esse
703 1100 960 1174 repetita
1002 1101 1257 1172 videtur,
1303 1100 1462 1177 quod
1511 1099 1674 1158 notio
1721 1103 1887 1170 „res“
1936 1106 1997 1156 et
2040 1103 2250 1156 neutra
2294 1096 2709 1173 pronominum

349 1201 501 1274 apud
567 1221 770 1260 omues
832 1209 1039 1276 gentes
1102 1204 1162 1260 in
1226 1221 1495 1261 sermone
1556 1202 1786 1276 vulgari
1834 1209 1974 1261 sunt
2018 1200 2432 1272 usitatissima,
2497 1199 2713 1277 quibus

349 1303 651 1382 quaelibet
695 1304 1245 1379 circumscribimus,
1291 1325 1444 1384 quae
1474 1306 1803 1364 accuratius
1835 1303 2081 1363 definire
2112 1310 2290 1382 atque
2322 1301 2713 1361 determinare

347 1426 467 1464 non
514 1426 831 1482 possumus
873 1416 974 1466 aut
1019 1402 1312 1467 nolumus.
1805 1405 1809 1409 ’

517 1511 698 1569 variis
744 1510 955 1568 deinde
1001 1512 1281 1570 subiectis
1327 1510 1419 1570 his
1464 1511 1734 1570 formulis
1780 1511 2116 1570 substitutis
2165 1509 2420 1567 maxima
2464 1507 2711 1568 locutio·

346 1633 491 1670 num
538 1612 746 1672 existit
788 1614 1062 1673 varietas.

516 1717 839 1795 unicuique
899 1718 1108 1775 deinde
1172 1723 1374 1777 notum
1423 1724 1541 1790 est,
1601 1719 1663 1775 in
1724 1717 1887 1792 vulgi
1950 1735 2051 1776 ore
2095 1716 2331 1774 formari
2383 1716 2709 1774 sententias

344 1826 404 1876 et
451 1821 787 1894 proverbia.
878 1822 1094 1899 quibus
1142 1842 1270 1879 cum
1318 1822 1557 1897 propria
1602 1821 1716 1893 sit,
1776 1841 1893 1901 quo
1939 1819 2172 1878 facilius
2216 1819 2501 1878 memoria
2544 1823 2709 1878 tene-

340 1930 556 1995 antur,
618 1943 844 1982 summa
889 1925 1119 1983 dicendi
1167 1925 1430 1984 brevitas
1474 1931 1533 1983 et
1578 1923 1910 1983 sententiae
1955 1922 2143 1998 ipsius
2187 1922 2595 1998 perspicuitas,
2642 1940 2711 1979 ea

340 2026 475 2100 ipsa
519 2027 968 2101 proverbiorum
1028 2034 1238 2087 natura
1294 2047 1489 2086 secum
1537 2027 1706 2100 tulit,
1770 2033 1837 2086 ut
1898 2026 2062 2085 notio
2123 2024 2470 2102 principalis
2532 2024 2709 2083 etiain

341 2130 663 2204 conspicuo
710 2131 936 2205 fulgeat
979 2132 1110 2189 loco
1154 2131 1192 2188 i.
1241 2149 1291 2189 e.
1338 2130 1586 2189 subiecti
1633 2130 1762 2190 loco
1806 2131 2002 2207 posita
2046 2129 2141 2191 sit.

519 2232 734 2310 quibus
780 2233 1094 2292 sententiis
1140 2253 1343 2292 omnes
1390 2234 1655 2292 omnium
1687 2239 2019 2310 temporum
2053 2233 2369 2308 scriptores
2401 2251 2506 2289 sua
2537 2251 2708 2290 orna-

341 2335 495 2393 bant
553 2341 731 2416 atque
792 2337 1148 2396 condiebant
1206 2336 1454 2412 scripta,
1518 2357 1713 2417 neque
1776 2356 1909 2395 raro
1956 2335 2185 2409 evenit,
2258 2342 2325 2395 ut
2387 2354 2587 2393 eorum
2635 2335 2707 2392 ad

342 2439 653 2515 exemplar
696 2460 881 2500 novas
925 2441 1238 2514 fingerent.

520 2562 668 2621 quae
715 2563 845 2603 cum
894 2544 978 2602 ita
1021 2544 1142 2604 sint
1182 2545 1245 2603 in
1291 2546 1485 2620 prisca
1530 2544 1870 2617 Latinitate,
1916 2544 2088 2603 nobis
2132 2543 2527 2604 secernendae
2571 2550 2711 2599 sunt

342 2652 404 2704 et
463 2646 794 2705 locutiones
853 2652 1098 2726 quartae
1159 2648 1393 2721 classis,
1457 2667 1606 2727 quae
1667 2647 1738 2705 ad
1798 2667 2106 2707 commune
2167 2645 2462 2706 scribendi
2522 2664 2707 2718 genus

338 2749 665 2824 pertinent,
711 2755 771 2807 et
816 2769 938 2821 eae,
984 2770 1135 2828 quae
1179 2751 1566 2811 inveniuntur
1608 2752 1672 2808 in
1716 2750 1885 2809 libris
1929 2750 2089 2826 solis,
2133 2749 2351 2828 quibus
2396 2749 2590 2824 agitur
2634 2747 2706 2804 de

340 2851 696 2931 quibusdam
742 2853 1043 2912 doctrinae
1090 2853 1436 2930 disciplinis.

516 2974 667 3034 quae
712 2962 840 3015 tota
885 2957 1248 3033 quaestionis
1293 2957 1573 3028 conditio,
1618 2956 1810 3035 qualis
1855 2959 1946 3013 est
2000 2955 2064 3012 in
2123 2955 2317 3031 prisca
2360 2953 2705 3024 Latinitate,

341 3077 462 3139 quo
525 3060 697 3118 modo
759 3078 793 3117 a
838 3059 1103 3118 Varrone
1148 3067 1414 3118 mutuata
1459 3059 1566 3133 sit,
1634 3080 1737 3117 suo
1800 3059 1918 3116 iam
1979 3058 2231 3134 exposui
2287 3058 2446 3127 loco;
2510 3074 2705 3135 neque

339 3161 519 3237 plane
564 3161 836 3236 neglexi,
898 3163 970 3220 de
1016 3162 1315 3222 Ciceronis
1361 3162 1591 3221 dicendi
1639 3160 2067 3221 consuetudine
2112 3161 2443 3236 disputare,
2500 3179 2703 3238 quam-

342 3282 517 3342 quam
564 3263 681 3322 alia
725 3265 1001 3339 graviora
1062 3266 1206 3322 mihi
1270 3266 1381 3324 hoc
1442 3266 1572 3325 loco
1633 3265 1901 3323 addenda
1943 3269 2004 3323 et
2048 3263 2248 3322 omnia
2290 3263 2503 3321 deinde
2548 3282 2703 3321 com·
2746 3313 2752 3320 .

339 3366 764 3441 prehendenda
808 3372 964 3427 sunt.

515 3475 574 3528 et
618 3470 1005 3528 Ciceroniana
1059 3473 1297 3551 quidem
1342 3474 1635 3532 Latinitas
1678 3478 1882 3532 nostra
1926 3474 1987 3530 in
2036 3472 2382 3551 quaestione
2429 3470 2628 3529 differt
2669 3488 2704 3526 a

341 3576 609 3630 veterum
654 3573 1006 3649 scriptorum
1053 3576 1310 3634 dictione
1357 3578 1582 3635 duabus
1628 3578 1699 3635 de
1745 3576 1953 3635 causis.
2017 3576 2269 3653 primum
2317 3575 2472 3654 quod
2506 3574 2703 3631 docto-

340 3693 471 3730 rum
517 3674 778 3733 virorum
825 3697 1014 3736 sermo
1061 3679 1132 3735 ad
1181 3680 1367 3737 maius
1409 3687 1565 3739 certe
1596 3679 1982 3754 perfectionis
2011 3678 2312 3753 fastigium
2358 3697 2393 3735 a
2423 3677 2704 3735 Cicerone

344 3782 433 3834 est
475 3779 823 3852 perductuS,
886 3799 1017 3838 cum
1064 3800 1255 3839 sermo
1305 3782 1752 3857 philosophicus
1813 3783 1990 3840 simul
2057 3801 2188 3840 cum
2246 3779 2585 3855 primordiis
2629 3780 2701 3836 ab

343 3880 549 3936 eodem
592 3887 834 3939 auctore
880 3882 958 3940 sit
1001 3888 1361 3957 procreatus.
1454 3885 1657 3964 itaque
1702 3884 1762 3941 in
1811 3882 2241 3960 philosophicis
2286 3893 2346 3941 et
2389 3880 2702 3940 rhetoricis

343 3983 580 4056 scriptis
616 3982 677 4040 in
712 3984 924 4042 multas
957 4005 1140 4043 novas
1170 4005 1358 4065 eoque
1387 3989 1727 4047 audaciores
1763 3987 1996 4046 dicendi
2041 3985 2324 4044 formulas
2369 3984 2701 4043 incidimus.

512 4091 635 4143 tum
697 4105 838 4144 vero
902 4093 962 4145 et
1022 4105 1301 4146 numerus
1363 4095 1424 4149 et
1480 4091 1724 4148 audacia
1786 4088 2186 4149 translationis
2248 4087 2608 4145 locutionum
2670 4106 2703 4142 a

344 4189 622 4248 Cicerone
688 4197 937 4261 augetur
997 4190 1057 4246 in
1120 4189 1252 4247 aliis
1313 4194 1664 4268 scriptorum
1725 4194 1988 4254 eiusdem
2050 4192 2306 4252 auctoris
2368 4191 2699 4268 generibus.
