3244 4792
1454 198 1875 262 „22-

662 370 941 447 aequitas,
988 368 1344 432 humanitas:

488 476 607 537 Cic.
655 476 767 534 Off.
800 478 884 534 II.
921 481 977 535 5.
1014 481 1046 531 8
1081 482 1361 554 quantam
1396 474 1697 553 (poenam)
1729 473 1999 553 aequitas
2031 473 2487 551 humanitasque
2519 472 2846 549 patitur.

658 627 1027 706 parsi-onia,
1072 626 1487 705 temperantia:

486 732 604 793 Cic.
651 752 819 807 prov.
865 751 1023 790 cons.
1079 735 1132 790 5.
1186 736 1257 789 ll
1310 752 1460 810 quos
1504 751 1626 790 non
1672 732 2062 807 parsimonia,
2115 751 2230 789 non
2280 729 2684 803 continentia,
2732 712 2852 787 non

484 835 692 907 virtus,
740 853 858 893 non
907 835 1089 906 labor,
1155 855 1271 893 non
1335 835 1615 911 splendor
1676 834 1889 893 tueri
1954 833 2152 910 potuit
2216 840 2424 892 contra
2467 831 2629 891 illius
2675 833 2852 890 auda-

487 939 667 1006 ciam;
716 970 798 980 -
842 938 967 997 Cat.
1014 938 1095 996 M.
1150 941 1244 996 10.
1293 942 1370 995 34
1436 943 1634 1013 potest
1694 937 1877 1013 igitur
1934 936 2281 996 exercitatio
2340 942 2400 994 et
2457 933 2856 1011 temperantia

494 1040 671 1098 etiam
719 1039 780 1097 in
828 1047 1134 1101 senectute
1179 1060 1668 1100 conservare
1714 1040 1945 1119 aliquid
1988 1039 2225 1116 pristini
2271 1038 2520 1097 roboris.

799 1229 863 1306 2)
907 1229 1328 1290 vitiorum:

661 1346 928 1409 ambltle:

492 1451 701 1512 Titinii
762 1453 1129 1525 „Barbatus“
1170 1464 1177 1473 ’
1202 1455 1243 1514 f.
1302 1475 1359 1513 v.
1415 1458 1479 1511 11
1550 1453 1652 1511 ubi
1715 1452 1874 1529 [iam]
1941 1452 2323 1513 ambitionem
2381 1451 2592 1513 virtuti
2655 1451 2859 1510 videas

491 1575 525 1612 a
542 1576 580 1613 n
597 1560 625 1614 t
640 1574 673 1614 e
693 1575 724 1614 c
738 1575 769 1613 e
788 1557 821 1613 d
843 1575 875 1614 e
893 1575 923 1614 r
939 1576 991 1617 e.

663 1708 934 1771 avaritia:

492 1813 729 1874 Terent.
778 1814 1017 1874 Phorm.
1061 1815 1151 1892 11,
1197 1820 1252 1887 3,
1308 1820 1372 1874 ll
1426 1814 1562 1875 vide
1608 1814 1863 1875 avaritia
1906 1816 2048 1894 quid
2101 1814 2323 1873 facit.

665 1965 891 2029 luxuria
906 1989 918 2026 :

493 2073 632 2132 Var.
681 2090 793 2131 rer.
838 2077 984 2131 rust.
1032 2068 1132 2132 Iib.
1163 2073 1213 2144 1,
1247 2072 1411 2144 LIX,
1447 2079 1481 2129 2
1530 2072 1751 2131 etenim
1798 2075 1860 2130 in
1907 2072 2124 2151 quibus
2168 2071 2407 2130 luxuria
2452 2089 2860 2131 concesse-

496 2173 647 2248 rit3
696 2208 777 2217 —
826 2175 897 2233 de
942 2175 1086 2250 ling.
1135 2175 1265 2235 Lat.
1313 2175 1413 2234 lib.
1460 2177 1532 2248 V,
1577 2173 1611 2254 §
1665 2180 1776 2234 131
1846 2175 2031 2234 multa
2075 2181 2211 2251 post
2252 2174 2494 2234 luxuria
2547 2174 2858 2234 attulit.

667 2346 742 2389 nc
779 2327 824 2388 11
865 2326 1053 2390 entia:

496 2435 622 2494 Cat.
669 2347 1028 2513 orfftfreliq.
1074 2434 1304 2492 XXIII
1349 2435 1419 2492 ad
1466 2434 1602 2493 lites
1647 2434 1958 2493 Censorias
2009 2438 2036 2492 1
2105 2434 2253 2506 scio,
2315 2435 2586 2493 fortunas
2651 2452 2860 2493 secun-

498 2538 601 2595 das
645 2536 1068 2612 negligentiam
1115 2537 1511 2614 prendere
1556 2536 1763 2596 solere.

668 2709 739 2751 ne
784 2688 956 2751 uitia:

500 2795 685 2855 Lucil.
717 2709 822 2854 stt.
854 2794 958 2853 lib.
998 2794 1104 2867 VI,
1132 2815 1191 2855 v.
1227 2799 1262 2851 4
1309 2794 1578 2872 nequitia
1622 2800 1959 2872 occupat
2001 2795 2132 2866 hos;
2173 2827 2255 2838 —-
2290 2795 2408 2854 Cic.
2457 2795 2608 2853 Phil.
2643 2795 2726 2853 ΙΙ.
2760 2797 2861 2853 27.

503 2899 579 2957 67
629 2899 733 2958 sed
776 2898 952 2956 urbes
997 2902 1057 2957 et
1098 2916 1283 2972 regna
1312 2896 1584 2957 celeriter
1614 2903 1780 2958 tanta
1812 2897 2083 2977 nequitia
2126 2899 2505 2958 devorare
2551 2897 2863 2972 potuisset.

670 3049 914 3128 malitia,
960 3048 1377 3128 malevolentia,
1422 3049 1814 3130 impudentia:

500 3156 619 3216 Cic.
665 3156 786 3216 inv.
833 3155 884 3214 I.
931 3159 966 3213 3
1016 3154 1242 3214 malitia
1284 3157 1462 3214 urbes
1520 3163 1582 3215 et
1639 3156 1794 3215 vitas
1853 3156 2157 3213 hominum
2220 3156 2726 3214 labefactare
2772 3175 2863 3212 as-

501 3257 722 3332 suevit3
778 3290 863 3302 ——
917 3302 953 3330 „
998 3257 1135 3317 fam.
1180 3257 1299 3315 ΙΙΙ.
1354 3261 1448 3317 12.
1506 3263 1529 3315 1
1580 3277 1733 3337 quae
1780 3256 2246 3336 (malevolentia)
2291 3264 2350 3317 te
2395 3258 2863 3336 impugnare

502 3362 864 3433 auderet;
909 3394 992 3403 ——
1044 3406 1078 3433 „
1125 3360 1282 3420 Cael.
1331 3364 1428 3418 20.
1479 3364 1576 3419 50.
1622 3361 1995 3437 impudentia
2039 3360 2093 3419 ei
2141 3361 2231 3418 sui
2278 3360 2632 3419 defendendi
2679 3360 2864 3419 facul-

502 3469 680 3525 tatem
729 3463 970 3522 dabit.

670 3616 1004 3698 petulantia,
1051 3614 1404 3696 prodignae:

503 3721 719 3782 Lucil..
753 3729 861 3782 sat.
906 3721 1009 3781 lib.
1059 3721 1162 3794 VI,
1208 3726 1245 3778 4
1292 3721 1562 3801 nequitia
1621 3726 1987 3798 occupat.
2020 3722 2146 3794 hos,
2211 3723 2543 3798 petulantia
2603 3722 2865 3800 prodigi-

505 3831 732 3906 tauque.

672 3977 1012 4059 inprobitas
1025 4000 1037 4038 ε

503 4084 621 4146 Cio.
669 4083 911 4149 Quinct.
958 4084 1057 4142 27.
1106 4088 1187 4142 84
1231 4086 1293 4142 in
1340 4085 1449 4142 hac
1493 4084 1936 4159 improbitatem
1980 4089 2042 4144 et
2084 4085 2333 4159 gratiam
2381 4106 2511 4145 cum
2557 4083 2761 4159 inopia
2805 4091 2868 4144 et

504 4188 757 4250 veritate
802 4188 1301 4247 contendere.
