3244 4792
1459 203 1839 267 -6-

898 378 972 435 ab
1019 377 1128 436 hac
1174 376 1405 452 origine
1452 377 1710 456 denique
1768 378 1841 434 ad
1886 376 2262 437 substantiva
2305 375 2553 448 animus,
2615 379 2842 447 natura,

726 479 896 552 ratio,
957 479 1083 538 sim.
1147 479 1395 539 subiecti
1457 479 1588 538 loco
1637 479 1975 556 usurpanda
2025 479 2323 554 progressi
2370 498 2498 538 esse
2543 478 2839 540 videntur.

620 581 683 661 2)
729 582 1095 658 exempla
1154 601 1407 644 rerum
1468 581 1964 642 naturalium
2024 581 2381 642 subiecti
2444 582 2620 641 loco
2683 601 2839 641 cum

729 684 1022 746 verbis
1083 685 1366 760 agendi
1414 684 2071 759 coniunctarum,
2130 685 2348 764 quibus
2403 686 2581 743 rebus
2627 685 2840 742 Roma-

733 808 945 848 norum
992 786 1274 863 opinione
1322 790 1562 847 deorum
1611 790 1898 867 quaedam
1930 788 2023 848 vis
2055 790 2313 862 suberat,
2359 807 2511 868 quae
2547 788 2840 848 actionem

729 890 1044 950 efficiebat.
1121 890 1194 950 cf.
1241 891 1436 951 Plaut.
1486 892 1649 953 Pers.
1686 894 1802 950 165
1853 892 1926 951 ab
1974 910 2116 950 saxo
2166 891 2489 951 avortit
2530 891 2842 950 fluctus

731 994 802 1051 ad
848 993 994 1053 litus
1039 994 1333 1070 scapham.

622 1097 684 1174 3)
731 1097 1125 1172 exempla,
1200 1096 1276 1155 in
1340 1097 1627 1177 quibus
1690 1098 2297 1159 substantivum
2359 1100 2841 1157 abstractum

731 1199 1249 1260 collectivum
1296 1201 1643 1277 positum
1690 1206 1810 1262 est
1853 1221 1992 1277 pro
2040 1202 2149 1260 eis
2195 1199 2603 1277 personis,
2653 1219 2841 1279 quae

734 1322 817 1363 eo
865 1302 1413 1384 continentur,
1476 1304 1834 1381 exempli
1895 1324 2069 1364 causa
2127 1304 2407 1365 iuventus
2450 1329 2536 1354 =
2579 1304 2843 1365 iuvenes.
2919 1348 2923 1353 »

902 1405 1223 1482 saepius
1290 1406 1565 1465 deinde
1643 1406 1967 1466 notioni
2033 1407 2493 1484 personali,
2573 1414 2657 1466 ut
2716 1407 2843 1464 *di-

731 1508 1118 1570 stinctius
1184 1508 1677 1584 definiatur,
1740 1509 1966 1569 notio
2029 1508 2612 1586 impersonalis
2657 1510 2844 1568 sub-

730 1611 941 1672 iecti
985 1610 1163 1670 loco
1207 1611 1486 1672 additu
1505 1632 1563 1685 r;
1625 1612 1886 1689 exempli
1931 1612 2123 1688 gratia
2168 1631 2464 1686 numerus,
2512 1613 2845 1689 multitud0‚

733 1715 1006 1776 notiones
1069 1714 1198 1776 sim.
1269 1748 1347 1757 —
1415 1735 1611 1793 quae
1681 1716 2005 1795 quidem
2079 1715 2452 1775 notiones
2526 1716 2848 1793 saepius

731 1818 940 1878 solae
986 1823 1371 1897 tamquam
1421 1818 1782 1879 subiecta
1827 1824 2260 1895 usurpatae
2304 1817 2843 1891 inveniuntur,

730 1928 797 1980 ut
840 1921 1015 1997 legio,
1060 1940 1289 1994 manus,
1336 1921 1635 1981 exercitus
1680 1927 1790 1981 etc.

620 2026 683 2103 4)
728 2024 1227 2097 locutiones,
1296 2043 1488 2105 quae
1552 2025 1947 2084 formulae
2014 2032 2196 2085 sunt
2255 2025 2624 2100 vulgaris
2681 2044 2846 2084 ser-

727 2127 984 2187 monis
1042 2130 1193 2204 (res
1238 2132 1532 2202 monet,
1582 2127 1786 2186 -id
1832 2148 1941 2187 me
1988 2129 2355 2204 impedit,
2403 2128 2846 2202 sollicitat,

730 2232 905 2309 sim.),
931 2263 1015 2275 —
1062 2234 1165 2289 aut
1209 2250 1241 2289 e
1287 2250 1555 2289 sermone
1592 2230 1895 2290 cuiusdam
1936 2232 2160 2290 ordinis
2203 2231 2515 2290 hominum
2562 2238 2846 2307 sumptae,

733 2335 891 2414 (lex
935 2338 1182 2407 vetat,
1216 2367 1294 2376 —-
1331 2334 1458 2392 iub
1479 2333 1590 2413 et),
1620 2353 1769 2415 quas
1798 2334 2116 2412 scriptores
2161 2340 2366 2412 postea
2400 2334 2531 2393 aliis
2562 2333 2843 2394 subiectis

728 2437 1051 2515 suppositis
1094 2437 1307 2496 imitati
1356 2443 1510 2510 sunt,
1575 2439 1647 2499 cf.
1694 2439 2053 2511 occasio,
2100 2442 2407 2515 tempus
2452 2440 2841 2498 admonet.

734 2561 885 2620 quae
931 2539 1134 2601 classis
1178 2545 1416 2616 praeter
1460 2541 1575 2599 alia
1620 2542 2070 2619 comprehendit
2116 2559 2185 2600 ea
2230 2560 2465 2616 genera,
2529 2561 2680 2621 quae
2726 2550 2841 2601 sta-

729 2643 847 2705 tuit
890 2643 1395 2719 Naegelsbachius
1440 2645 1549 2704 sub
1595 2664 1686 2704 nr.
1734 2650 1770 2703 3
1819 2650 1880 2703 et
1924 2650 1983 2705 4.

626 2749 687 2824 5)
735 2747 1065 2806 maxime
1111 2747 1440 2806 notione
1488 2746 1793 2822 dignum
1843 2752 1989 2820 est,
2034 2748 2112 2806 in
2159 2748 2271 2806 eis
2317 2747 2612 2821 verbis,
2659 2769 2843 2828 quae

733 2870 891 2911 cum
939 2848 1352 2910 subiectis
1396 2850 1513 2908 rei
1561 2850 2087 2929 frequentius
2131 2850 2651 2928 copulantur,
2711 2871 2842 2909 no-

733 2954 1032 3015 tionem
1092 2952 1441 3012 actionis
1501 2954 1888 3029 paulatim
1935 2954 2382 3030 exstingui,
2434 2954 2613 3032 (sicut
2657 2953 2844 3012 omni-

734 3058 844 3117 bus
903 3056 1188 3116 orationis
1249 3056 1456 3133 figuris
1516 3076 1694 3133 saepe
1754 3058 2052 3134 usurpatis
2113 3058 2199 3116 ita
2258 3076 2593 3117 assuescere
2649 3058 2845 3116 solent

730 3160 1018 3233 homines,
1063 3164 1131 3219 ut
1174 3179 1504 3219 sermonem
1554 3160 1869 3235 figuratum
1918 3159 2158 3219 omnino
2205 3180 2324 3218 non
2372 3160 2677 3236 sentiant).
2722 3160 2843 3220 vid.

734 3262 996 3339 exempli
1039 3281 1216 3322 causa
1257 3263 1441 3323 verba
1484 3263 1743 3336 evenire,
1788 3263 2152 3338 contingere,
2196 3263 2327 3322 sim.

623 3368 685 3443 6)
732 3364 1125 3441 exempla,
1171 3366 1248 3424 in
1297 3366 1589 3443 quibus
1634 3366 1840 3424 actio
1888 3365 2014 3426 vel
2059 3365 2417 3425 conditio
2464 3386 2843 3443 personae

666 3521 669 3524 .
732 3470 844 3529 ita
887 3468 1207 3540 eminet,
1255 3474 1339 3528 ut
1382 3467 1648 3543 ipsius
1695 3486 2093 3543 personae
2154 3475 2432 3545 partes
2477 3476 2678 3544 agat.
2768 3472 2843 3530 cf.

737 3572 929 3630 Plaut.
978 3571 1142 3647 Capt.
1174 3590 1234 3630 v.
1268 3575 1382 3628 301
1438 3570 1550 3631 vis
1594 3569 1834 3630 hostilis
1881 3590 2013 3631 cum
2057 3571 2207 3630 istoc
2250 3573 2464 3631 fecit
2509 3591 2666 3630 meas
2704 3593 2845 3648 opes

735 3673 1097 3754 aequabiles.
1150 3706 1218 3717 —
1268 3673 1390 3732 vid.
1436 3673 1891 3749 Naegelsbachii
1938 3693 2160 3751 genera
2204 3677 2312 3733 sub
2359 3694 2446 3737 nr.
2502 3680 2526 3734 l
2578 3683 2640 3735 et
2686 3682 2741 3733 2.

514 3809 519 3814 ·
627 3778 691 3855 7)
736 3777 1067 3852 saepius
1131 3776 1364 3835 etiam
1431 3781 1677 3854 poeta
1753 3775 1881 3837 vel
1943 3784 2179 3854 poeta
2248 3779 2602 3836 comicus
2666 3799 2844 3837 con·

737 3881 951 3941 sulto
1014 3879 1770 3956 personificatione
1815 3901 1999 3939 usus
2044 3886 2184 3940 est.
2256 3882 2327 3939 cf.
2377 3882 2563 3940 Plaut.
2614 3881 2846 3940 Asinar.

744 3988 865 4043 518
912 3983 1187 4059 lingua
1231 3983 1535 4059 poscit,
1582 4002 1875 4060 corpus
1919 3984 2266 4063 quaerit,
2328 3985 2638 4042 animus
2683 3985 2846 4041 hor-

736 4091 884 4159 tat,
932 4105 1055 4145 res
1111 4091 1496 4144 monet.-
1543 4132 1576 4158 ‚,
1611 4087 1740 4145 Mil.
1774 4087 1919 4161 glor.
1955 4093 1989 4144 6
2042 4108 2113 4144 ne
2159 4088 2651 4158 lamentetur,
2698 4105 2847 4142 neve

738 4190 999 4250 animum
1046 4190 1553 4267 despondeat
1596 4189 1701 4269 (sc.
1751 4191 2209 4269 machaera).
