3244 4792
1435 222 1856 290 ..11-

470 420 624 461 vana
670 404 849 480 atque
895 399 1092 469 inanis
1122 404 1278 460 esset
1307 405 1434 461 tota
1463 398 1566 458 illa
1597 399 1818 476 opinio.
1889 406 2144 458 attamen
2182 402 2443 477 apparet,
2483 417 2603 457 non
2635 396 2833 457 statim

468 505 606 563 deos
650 504 876 580 patrios
922 502 1194 573 cessisse3
1242 502 1305 560 in
1351 503 1476 563 dies
1522 501 1758 581 quidem
1809 502 1995 577 magis
2040 501 2345 582 magisque
2391 500 2694 562 oblivione
2733 501 2835 559 ob-

467 608 806 679 ruebantur,
854 606 939 665 ita
982 611 1200 679 tamen,
1245 606 1457 664 utiam
1506 606 1693 664 Varro
1739 602 2104 686 quereretur,
2150 606 2392 664 deorum
2436 604 2836 664 Romanorum

469 710 690 770 cultum
722 714 904 788 atque
934 708 1282 785 religionem
1318 708 1501 768 deleri
1547 728 1666 767 non
1711 708 1972 769 hostium
2019 708 2263 784 impetn,
2310 707 2412 767 sed
2449 705 2668 766 civium
2699 725 2837 765 con·

469 813 795 890 temptione
841 816 1021 891 atque
1068 811 1447 886 negligentia.
1508 812 1675 870 cuius
1718 811 1805 870 rei
1852 817 1912 871 et
1955 811 2123 871 testis
2170 816 2261 871 est
2290 810 2514 884 Cicer0,
2560 809 2664 889 qui
2708 809 2836 885 ipse

470 936 631 976 suam
678 915 996 975 confitetur
1046 914 1267 975 veteris
1322 914 1632 990 religionis
1676 914 1975 975 inscitiam
2038 922 2099 974 et
2142 914 2343 973 laudat
2391 913 2674 972 Varronis
2716 912 2835 971 Ro-

470 1039 776 1078 manorum
821 1019 1063 1078 deorum
1108 1018 1366 1077 honores
1410 1017 1759 1077 restituendi
1808 1017 2068 1077 studium
2112 1016 2175 1076 in
2219 1016 2374 1075 libro
2409 1013 2836 1089 „academica“.

470 1124 641 1201 („nos
703 1122 765 1180 in
829 1127 1028 1181 nostra
1088 1122 1234 1180 urbe
1294 1120 1746 1197 peregrinantes
1797 1127 2179 1200 errantesque
2224 1124 2523 1200 tamquam
2568 1117 2839 1194 hospites

471 1225 558 1286 tui
603 1225 740 1284 libri
786 1217 956 1304 quasi
1013 1225 1248 1284 domum
1295 1223 1691 1296 reduxerunt,
1753 1228 1820 1282 ut
1863 1243 2169 1300 possemus
2211 1221 2566 1302 aliquando,
2629 1221 2730 1301 qui
2778 1227 2839 1280 et

472 1329 572 1387 ubi
635 1347 923 1401 essemus,
984 1346 1355 1403 cognoscere.
1444 1333 1510 1386 tu
1583 1332 1836 1387 aetatem
1907 1326 2135 1403 patriae
2183 1369 2199 1386 .
2236 1370 2247 1383 .
2285 1370 2347 1387 ..
2408 1330 2477 1384 tu
2538 1343 2837 1385 sacrorum

473 1433 635 1504 iura,
711 1434 777 1490 tu
851 1431 1216 1490 sacerdotum
1272 1478 1284 1491 .
1319 1477 1332 1491 .
1367 1476 1378 1488 .
1412 1475 1427 1491 .
1476 1430 1849 1507 disciplinam
1900 1477 1913 1491 .
1948 1475 1963 1491 .
1997 1477 2011 1491 .
2045 1475 2094 1504 .,
2155 1435 2221 1490 tu
2286 1428 2547 1488 omnium
2609 1428 2837 1489 divina-

473 1555 600 1593 rum
659 1536 1171 1614 humanarumque
1233 1554 1430 1593 rerum
1492 1534 1734 1593 nomina
1746 1579 1763 1608 ,
1823 1552 2074 1609 genera,
2155 1532 2382 1606 officia,
2440 1550 2645 1591 causas
2699 1551 2839 1607 ape·

474 1638 750 1712 ruisti.“).

643 1741 744 1800 sed
801 1741 1024 1800 frustra
1067 1746 1211 1800 erat.
1300 1740 1451 1798 nihil
1512 1741 1669 1799 enim
1736 1741 1918 1800 Varro
1984 1746 2335 1800 consecutus
2397 1758 2524 1797 esse
2585 1738 2835 1810 videtur,

475 1844 587 1903 nisi
645 1863 952 1903 revocasse
1014 1845 1255 1902 deorum
1311 1843 1567 1902 nomina.
1660 1863 1779 1902 non
1826 1844 2145 1904 commovit
2189 1846 2517 1914 Romanos,
2573 1847 2639 1901 ut
2681 1841 2840 1900 inter

474 1950 614 2007 deos
658 1949 961 2018 haberent,
1010 1966 1159 2026 quos
1200 1947 1317 2005 iam
1363 1966 1458 2006 res
1503 1954 1563 2007 et
1609 1947 1883 2006 notiones
1929 1965 2057 2005 esse
2100 1945 2553 2005 intellexissent.
2644 1963 2838 2024 neque

470 2050 647 2110 aliter
690 2051 761 2108 de
807 2051 893 2108 eis
938 2050 1141 2108 Cicero
1187 2050 1384 2109 sentit.
1454 2051 1611 2129 quod
1660 2050 1884 2126 optimo
1930 2050 2059 2108 iure
2107 2068 2236 2107 mea
2280 2048 2518 2128 quidem
2557 2047 2839 2123 opinione

474 2153 745 2213 conicere
788 2173 1098 2228 possumus
1144 2172 1176 2210 e
1220 2151 1366 2226 loco,
1415 2153 1516 2233 qui
1562 2152 1785 2228 legitur
1828 2152 1892 2211 in
1935 2152 2091 2211 libro
2139 2152 2210 2210 de
2256 2157 2377 2212 nat.
2426 2152 2585 2211 deor.
2616 2150 2701 2210 11.
2735 2156 2836 2211 23.

476 2275 761 2335 „quarum
809 2255 1069 2314 omnium
1114 2274 1328 2328 rerum,
1377 2276 1625 2334 quarum
1672 2254 1762 2316 vis
1809 2261 1937 2314 erat
1981 2260 2180 2327 tanta,
2243 2261 2309 2315 ut
2366 2255 2496 2313 sine
2554 2255 2663 2313 deo
2714 2254 2838 2327 regi

472 2379 590 2419 non
638 2365 856 2436 posset,
902 2358 1032 2435 ipsa
1076 2378 1171 2419 res
1218 2359 1458 2419 deorum
1509 2378 1723 2418 nomen
1772 2358 2049 2420 obtinuit.
2112 2378 2231 2439 quo
2278 2376 2354 2417 ex
2399 2375 2615 2433 genere
2662 2358 2841 2434 Cupi-

475 2463 631 2522 dinis
674 2469 735 2522 et
781 2462 1121 2538 Voluptatis
1167 2468 1226 2523 et
1272 2462 1603 2522 Lubentiae
1670 2462 1922 2522 Veneris
1966 2462 2256 2521 vocabula
2301 2468 2642 2522 consecrata
2686 2467 2841 2533 sunt,

470 2565 813 2626 vitiosarum
862 2585 1054 2624 rerum
1102 2584 1296 2645 neque
1341 2566 1717 2638 naturalium,
1778 2583 2130 2645 quamquam
2179 2564 2442 2624 Velleius
2485 2564 2662 2623 aliter
2714 2563 2841 2623 exi-

474 2669 703 2741 stimat,
767 2669 872 2728 sed
930 2674 1127 2727 tamen
1193 2687 1264 2727 ea
1321 2669 1452 2745 ipsa
1509 2668 1661 2729 vitia
1720 2674 1990 2727 naturam
2034 2668 2449 2730 vehementius
2493 2686 2668 2743 saepe
2712 2666 2843 2744 pul-

479 2774 667 2832 sant.“
712 2803 797 2813 —

644 2875 860 2954 quibus
920 2874 1211 2952 expositis
1272 2874 1680 2955 unusquisque
1747 2875 2001 2950 primum
2073 2874 2422 2950 perspiciet,
2488 2895 2604 2953 quo
2668 2875 2841 2934 modo

477 2984 715 3037 exortus
760 2978 838 3037 sit
881 2978 942 3035 in
968 2978 1163 3055 prisca
1193 2978 1516 3037 Latinitate
1548 2977 1943 3051 coniungendi
1978 2976 2354 3036 substantiva
2383 2978 2677 3036 abstracta
2710 2996 2842 3035 cum

474 3081 673 3140 verbis
732 3081 982 3140 actionis
1042 3100 1201 3141 usus.
1294 3100 1548 3160 namque
1622 3099 1743 3138 non
1801 3079 2076 3138 notiones
2136 3079 2247 3137 sibi
2312 3080 2654 3155 cogitabant
2714 3098 2843 3137 esse

477 3184 848 3245 substantiva
891 3184 1202 3258 abstracta,
1249 3186 1351 3244 sed
1395 3203 1696 3261 personas.
1785 3183 1987 3261 itaque
2051 3182 2273 3259 optimo
2335 3182 2461 3241 iure
2520 3182 2606 3241 eis
2667 3182 2843 3240 adde-

476 3288 621 3346 bant
663 3289 879 3361 verba,
941 3306 1093 3367 quae
1139 3288 1432 3347 actionem
1478 3288 1837 3364 exprimunt.
1929 3288 2084 3365 quod
2133 3306 2253 3344 non
2299 3285 2492 3345 solum
2534 3281 2841 3364 proprium

476 3395 567 3450 est
627 3391 980 3467 scriptorum
1038 3392 1476 3452 vetustissimae
1549 3389 1797 3460 aetatis,
1858 3395 1925 3450 ut
1968 3390 2126 3449 Livii
2191 3389 2548 3462 Andronici,
2609 3389 2844 3466 Naevii,

476 3493 693 3566 Plauti,
736 3513 946 3553 verum
991 3494 1167 3553 etiam
1214 3496 1284 3553 ad
1333 3514 1554 3567 omnes,
1601 3494 1704 3574 qui
1750 3493 1978 3569 priscae
2025 3499 2164 3552 sunt
2208 3491 2549 3552 Latinitatis
2595 3492 2843 3568 scripto-

476 3616 572 3656 res
616 3596 916 3673 pertinere
960 3597 1212 3671 videtur,
1276 3598 1435 3677 quod
1494 3602 1668 3658 vetus
1726 3595 1830 3654 illa
1874 3596 2116 3655 deorum
2162 3595 2364 3673 opinio
2412 3597 2673 3654 nondum
2722 3615 2843 3654 om·

478 3700 621 3758 nino
668 3719 700 3759 e
737 3699 1020 3759 memoria
1049 3700 1442 3777 posteriorum
1476 3705 1818 3771 evanuerat,
1861 3699 2207 3775 praesertim
2256 3718 2385 3757 cum
2431 3704 2643 3775 poetae
2686 3702 2843 3758 certe

485 3821 615 3861 eam
661 3802 1239 3878 personificationem
1288 3803 1545 3861 retinere
1592 3803 1916 3861 studerent.

649 3924 801 3985 quae
846 3925 978 3965 cum
1024 3905 1110 3965 ita
1154 3905 1292 3978 sint,
1336 3924 1456 3964 non
1501 3906 1772 3982 ineptum
1818 3923 1945 3964 esse
1989 3904 2226 3965 videtur
2282 3904 2567 3977 conicere,
2614 3908 2676 3964 et
2719 3922 2844 3963 sae-

477 4006 613 4085 pius
658 4009 860 4067 eadem
907 4008 1280 4067 substantiva
1326 4010 1644 4084 scriptores
1689 4006 1937 4066 subiecti
1984 4005 2115 4064 loco
2162 4006 2461 4082 posuisse,
2510 4007 2558 4065 si
2605 4025 2725 4065 non
2773 4006 2844 4063 de

477 4111 748 4189 personis
792 4112 893 4169 sed
941 4110 1012 4169 de
1055 4110 1233 4168 rebus
1277 4110 1588 4171 abstractis
1635 4110 1941 4183 dicebant,
2002 4109 2157 4189 quod
2206 4106 2602 4173 scribentibus
2645 4108 2738 4173 dei
2785 4112 2847 4174 et

481 4214 625 4275 deae
671 4221 809 4277 ante
854 4213 1057 4277 oculos
1100 4212 1504 4278 versabantur,
