3244 4792
1347 191 1770 259 -75-

374 387 517 425 num
561 386 714 446 quae
757 366 940 426 fuerit
982 366 1139 443 apud
1183 366 1523 426 Ciceronem
1570 366 1856 437 condicio,
1903 365 2175 445 equidem
2220 383 2428 424 eruere
2473 384 2593 424 non
2631 384 2736 440 po-

376 470 483 542 tui,
529 470 686 549 quod
733 468 1003 529 Ahlenus
1047 489 1146 529 eas
1189 470 1254 527 in
1300 469 1715 529 dissertatione
1762 466 2001 527 omnino
2048 488 2168 526 non
2212 467 2429 542 tetigit.

544 574 608 631 in
670 573 1083 632 enumerandis
1141 573 1288 650 ipsis
1348 572 1606 651 denique
1653 571 1944 647 exemplis
1987 570 2117 630 fieri
2164 590 2285 639 non
2330 576 2542 646 potest,
2590 571 2736 650 quin

379 696 413 734 a
454 677 685 736 ratione
731 694 920 754 usque
963 677 1156 735 adhuc
1200 676 1465 735 adhibita
1510 676 1908 748 discedamus;
1955 674 2113 753 quod
2159 673 2396 753 quidem
2427 674 2489 731 in
2521 693 2737 748 genere

376 779 783 855 exemplorum
828 779 1086 855 positum
1133 782 1239 838 est.
1328 780 1400 837 ad
1460 779 1647 838 verba
1696 777 1887 850 enim,
1949 797 2068 836 non
2130 778 2202 834 ad
2248 776 2516 835 subiecta
2565 777 2737 836 nobis

378 882 633 941 maxime
677 881 1111 957 respiciendum
1165 887 1272 941 est.
1359 882 1562 962 itaque
1620 881 1780 939 intra
1839 880 2107 959 quintam
2163 878 2404 940 classem
2466 879 2741 956 exempla

378 1006 497 1044 non
542 986 628 1045 ita
669 986 1035 1061 segreganda
1077 991 1242 1057 sunt,
1307 990 1374 1043 ut
1417 983 1700 1055 subiecta,
1752 1003 1902 1063 quae
1947 988 2190 1060 propter
2254 983 2557 1042 notionem
2603 988 2742 1043 sunt

378 1088 610 1162 similia,
657 1094 1104 1167 componantur,
1151 1089 1306 1167 quod
1352 1088 1559 1146 iisdem
1605 1086 1805 1146 verbis
1849 1088 1965 1146 huc
2011 1086 2106 1146 vel
2139 1086 2281 1145 illuc
2311 1086 2513 1146 relatis
2544 1086 2741 1145 omnia

377 1191 556 1251 nimis
601 1191 988 1250 miscerentur
1032 1197 1213 1271 atque
1259 1191 1657 1264 turbarentur,
1721 1208 1914 1270 neque
1961 1189 2272 1269 quisquam
2319 1209 2381 1248 se
2427 1209 2505 1249 ex
2548 1189 2739 1248 turbis

377 1294 704 1372 expediret.
793 1291 1026 1368 singula
1067 1294 1252 1369 igitur
1298 1294 1479 1353 verba
1522 1294 1806 1366 tractabo,
1863 1312 2014 1373 quae
2058 1291 2340 1369 primaria
2384 1293 2634 1353 actionis
2676 1293 2738 1354 vi

378 1397 672 1457 exstincta
714 1397 1165 1477 quibuscunque
1210 1397 1491 1456 subiectis
1535 1397 1951 1456 attribuantur.
2018 1416 2094 1455 ne
2137 1415 2280 1456 vero
2338 1395 2606 1471 legentes
2650 1396 2738 1454 in-

380 1501 598 1560 usitata
639 1500 745 1559 illa
786 1500 1017 1558 ratione
1062 1499 1240 1558 nimis
1283 1501 1681 1574 offendantur,
1727 1499 1991 1558 subiecta
2034 1499 2447 1577 praescribam.

548 1603 1015 1662 memorabilium
1061 1603 1467 1681 exemplorum
1514 1603 1780 1662 subiecta
1824 1610 1997 1662 sunt:

556 1740 759 1800 semo,
804 1756 886 1766 —
932 1721 1260 1784 Eunuchus:

379 1826 454 1886 cf.
498 1826 704 1886 Titinii
764 1825 1099 1898 „Quintus“
1143 1827 1185 1885 f.
1230 1848 1288 1886 v.
1345 1832 1459 1884 102
1508 1827 1650 1905 quid
1711 1827 1865 1886 istuc
1925 1824 2051 1886 est?
2112 1831 2218 1886 aut
2262 1825 2404 1905 quid
2448 1826 2584 1885 istic
2626 1825 2739 1885 sibi

378 1930 553 1990 vult
595 1929 828 1988 sermo?
874 1962 957 1973 —-
1002 1930 1237 1989 Terent.
1286 1930 1552 1988 Eunuch.
1596 1949 1657 1989 v.
1704 1934 1780 1987 45
1841 1934 1909 1988 ut
1966 1929 2365 2006 pernoscatiS‚
2428 1928 2571 2008 quid
2627 1929 2741 1988 sibi

382 2034 707 2091 Eunuchus
749 2033 951 2093 velit
978 2031 1053 2109 1).

553 2151 841 2232 purgatio:

385 2256 618 2316 Terent.
666 2257 877 2316 Heaut.
924 2256 1073 2314 Tim.
1114 2256 1220 2330 IV,
1276 2261 1325 2334 1,
1380 2262 1449 2314 12
1494 2256 1716 2330 nescio,
1778 2257 1921 2337 quid
1980 2256 2203 2333 peccati
2266 2260 2542 2333 portat
2595 2258 2741 2316 haec

384 2359 658 2437 purgatio
683 2359 760 2437 ²).

552 2478 768 2541 Africa:

384 2587 538 2645 Enn.
585 2590 693 2645 sat.
738 2584 909 2664 reliq.
960 2589 1037 2644 23
1101 2584 1205 2644 lati
1253 2585 1463 2661 campi,
1525 2606 1677 2664 quos
1720 2570 1931 2662 gerit
1976 2587 2179 2647 Africa
2221 2590 2383 2646 terra
2425 2581 2741 2664 politos3).

553 2703 722 2781 quod,
767 2701 1071 2779 quicquid:

386 2808 577 2867 Plaut.
623 2809 854 2866 Mostel.
898 2829 956 2868 v.
1006 2807 1103 2881 72,
1152 2814 1188 2868 3
1224 2854 1238 2868 .
1272 2855 1284 2867 .
1319 2853 1333 2867 .
1367 2852 1380 2865 .
1428 2810 1528 2867 sed
1591 2828 1775 2867 unum
1831 2810 1948 2869 hoc
1990 2809 2157 2881 scito,
2220 2808 2401 2867 nimio
2448 2807 2737 2890 celerius}

384 2911 698 2983 venire,
757 2913 912 2990 quod
976 2911 1376 2984 molestumst;
1421 2945 1503 2952 —
1548 2957 1582 2984 „
1629 2911 1971 2971 Truculent.
2030 2933 2088 2971 v.
2137 2916 2256 2970 351
2323 2913 2482 2971 fores
2539 2913 2741 2971 absor-

384 3016 543 3086 bent,
592 3013 869 3092 quicquid
914 3014 1142 3074 venit
1184 3014 1344 3072 intra
1388 3013 1691 3090 pessulos3
1739 3046 1823 3058 —
1867 3015 2102 3073 Afranii
2149 3014 2465 3087 „Grimen“
2493 3015 2536 3073 f.
2567 3035 2625 3074 v.
2659 3017 2734 3072 41

382 3117 585 3190 metui,
632 3117 786 3196 quod
831 3117 893 3174 in
940 3117 1126 3176 solum
1174 3116 1285 3194 (=
1326 3117 1658 3195 insolitum)
1702 3117 1961 3187 venit;
2009 3117 2080 3177 cf.
2115 3117 2381 3192 Virginis
2422 3137 2479 3178 v.
2516 3121 2635 3175 342
2660 3115 2740 3195 ⁴).

517 3338 570 3400 1)
606 3354 706 3388 non
741 3339 1011 3386 verisimile
1046 3344 1134 3398 est,
1189 3339 1430 3387 eiusmodi
1467 3339 1740 3386 locutiones
1775 3340 1975 3386 omnino
2009 3339 2107 3386 iam
2142 3340 2195 3386 in
2231 3355 2280 3400 p.
2317 3340 2377 3385 L.
2415 3339 2739 3396 inveterasse,

387 3434 440 3472 ut
472 3426 595 3473 haec
632 3426 741 3473 sola
775 3425 1053 3471 modificata
1088 3424 1166 3473 vis
1201 3431 1349 3484 atque
1385 3430 1604 3485 potestas
1629 3424 1868 3472 formulae
1901 3425 2177 3483 exsisteret,
2214 3425 2346 3485 quod
2369 3425 2577 3484 legimus
2611 3425 2742 3484 apud

385 3511 657 3571 Turpilium
691 3511 823 3575 (Rib.
862 3507 1010 3576 com.)
1045 3526 1094 3557 v.
1136 3514 1197 3559 16
1247 3511 1444 3571 ineptus
1495 3511 1610 3569 quid
1654 3511 1777 3558 mihi
1822 3512 2002 3558 vellem
2036 3526 2095 3558 ex
2129 3510 2394 3558 insolentia
2423 3510 2432 3576 Ι
2463 3511 2745 3572 nescibam3

385 3623 450 3632 —
487 3612 610 3656 quae
645 3597 825 3645 locutio
861 3597 926 3643 ad
961 3598 1099 3644 illam
1134 3598 1396 3644 formulam
1433 3598 1585 3655 „quid
1622 3597 1812 3656 aliquid
1847 3596 1942 3645 sibi
1978 3597 2125 3643 vult“
2163 3596 2405 3643 deducere
2441 3597 2650 3644 videtur.

518 3684 571 3747 2)
606 3688 806 3744 portare
840 3703 910 3724 ==
944 3683 1141 3741 habere,
1175 3684 1352 3731 inesse.

520 3772 574 3829 3)
609 3770 738 3830 gerit
770 3790 839 3810 =
874 3768 1035 3815 habet.

519 3857 574 3919 4)
603 3855 774 3902 venire
808 3875 877 3896 =
911 3855 1088 3902 cadere
1121 3855 1205 3902 vel
1240 3857 1404 3916 potius
1436 3856 1674 3903 accidere.
1726 3881 1793 3891 —
1841 3855 2176 3902 adnotandum
2229 3860 2318 3914 est,
2367 3855 2573 3902 verbum
2611 3869 2741 3903 com·

384 3942 598 4002 positum
636 3941 905 3998 „evenire“
942 3940 1044 3987 fere
1080 3955 1273 4001 semper
1309 3941 1425 4001 poni
1466 3956 1555 4002 pro
1592 3941 1748 3988 verbo
1783 3941 1997 4000 simplici
2033 3942 2215 3989 nostris
2250 3947 2481 4000 quattuor
2516 3941 2636 3989 locis
2660 3956 2741 3988 ex-

381 4028 554 4088 ceptis,
592 4028 633 4075 si
670 4027 904 4086 primaria
940 4026 1079 4073 verbi
1117 4028 1250 4073 notio
1300 4028 1352 4074 iu
1386 4029 1523 4075 illam
1560 4028 1738 4074 transit
1771 4026 2029 4075 variatam.
2102 4027 2265 4086 itaque
2317 4042 2416 4075 non
2466 4042 2739 4087 peccamus,

382 4114 424 4160 si
461 4113 533 4159 eis
568 4112 704 4170 locis,
748 4112 833 4157 ubi
867 4112 1009 4158 varia
1055 4112 1261 4158 traditur
1296 4113 1460 4172 lectio,
1512 4114 1713 4161 evenire
1767 4112 2092 4173 compositum
2141 4126 2336 4175 semper
2373 4113 2742 4161 anteferendum

384 4212 490 4246 esse
530 4198 682 4244 verbo
720 4196 930 4256 simplici
965 4212 1235 4245 censemus.
