<?xml version="1.0" encoding="UTF-8"?>
<!DOCTYPE html PUBLIC "-//W3C//DTD XHTML 1.0 Transitional//EN"
    "http://www.w3.org/TR/xhtml1/DTD/xhtml1-transitional.dtd">
<html xmlns="http://www.w3.org/1999/xhtml" xml:lang="en" lang="en">
 <head>
  <title>
</title>
<meta http-equiv="Content-Type" content="text/html;charset=utf-8" />
  <meta name='ocr-system' content='tesseract 3.04.00' />
  <meta name='ocr-capabilities' content='ocr_page ocr_carea ocr_par ocr_line ocrx_word'/>
</head>
<body>
  <div class='ocr_page' id='page_1' title='image "./subjectareicuma00bockgoog_0085.png"; bbox 0 0 3244 4792; ppageno 0'>
   <div class='ocr_carea' id='block_1_1' title="bbox 449 361 2827 2714">
    <p class='ocr_par' dir='ltr' id='par_1_1' title="bbox 454 361 2827 1366">
     <span class='ocr_line' id='line_1_1' title="bbox 633 361 2827 438; baseline 0.004 -18"><span class='ocrx_word' id='word_1_1' title='bbox 633 361 798 420; x_wconf 90' lang='lat' dir='ltr'>cuius</span> <span class='ocrx_word' id='word_1_2' title='bbox 845 363 915 419; x_wconf 91' lang='lat' dir='ltr'>de</span> <span class='ocrx_word' id='word_1_3' title='bbox 961 362 1188 438; x_wconf 83' lang='lat' dir='ltr'>origine</span> <span class='ocrx_word' id='word_1_4' title='bbox 1233 363 1379 422; x_wconf 90' lang='lat' dir='ltr'>haec</span> <span class='ocrx_word' id='word_1_5' title='bbox 1424 365 1549 422; x_wconf 84' lang='lat' dir='ltr'>fere</span> <span class='ocrx_word' id='word_1_6' title='bbox 1595 366 1891 424; x_wconf 89' lang='lat' dir='ltr'>monenda</span> <span class='ocrx_word' id='word_1_7' title='bbox 1937 371 2103 426; x_wconf 88' lang='lat' dir='ltr'>sunt:</span> <span class='ocrx_word' id='word_1_8' title='bbox 2151 371 2359 426; x_wconf 81' lang='lat' dir='ltr'>exorta</span> <span class='ocrx_word' id='word_1_9' title='bbox 2389 389 2516 428; x_wconf 90' lang='lat' dir='ltr'>esse</span> <span class='ocrx_word' id='word_1_10' title='bbox 2544 370 2827 430; x_wconf 83' lang='lat' dir='ltr'>videntur</span> 
     </span>
     <span class='ocr_line' id='line_1_2' title="bbox 461 465 2825 548; baseline 0.003 -26"><span class='ocrx_word' id='word_1_11' title='bbox 461 465 733 540; x_wconf 87' lang='lat' dir='ltr'>exempla</span> <span class='ocrx_word' id='word_1_12' title='bbox 794 465 855 523; x_wconf 93' lang='lat' dir='ltr'>in</span> <span class='ocrx_word' id='word_1_13' title='bbox 903 466 1136 540; x_wconf 88' lang='lat' dir='ltr'>poetico</span> <span class='ocrx_word' id='word_1_14' title='bbox 1182 485 1477 540; x_wconf 87' lang='lat' dir='ltr'>sermone,</span> <span class='ocrx_word' id='word_1_15' title='bbox 1539 469 1697 547; x_wconf 91' lang='lat' dir='ltr'>quod</span> <span class='ocrx_word' id='word_1_16' title='bbox 1759 469 1822 526; x_wconf 91' lang='lat' dir='ltr'>in</span> <span class='ocrx_word' id='word_1_17' title='bbox 1884 470 1969 528; x_wconf 89' lang='lat' dir='ltr'>eis</span> <span class='ocrx_word' id='word_1_18' title='bbox 2029 470 2437 545; x_wconf 79' lang='lat' dir='ltr'><strong>cognoscimus</strong></span> <span class='ocrx_word' id='word_1_19' title='bbox 2496 473 2825 548; x_wconf 87' lang='lat' dir='ltr'>personalis</span> 
     </span>
     <span class='ocr_line' id='line_1_3' title="bbox 461 568 2825 655; baseline 0.004 -30"><span class='ocrx_word' id='word_1_20' title='bbox 461 568 709 626; x_wconf 90' lang='lat' dir='ltr'>subiecti</span> <span class='ocrx_word' id='word_1_21' title='bbox 757 569 1379 646; x_wconf 79' lang='lat' dir='ltr'>circumscriptionem,</span> <span class='ocrx_word' id='word_1_22' title='bbox 1426 591 1544 649; x_wconf 91' lang='lat' dir='ltr'>qua</span> <span class='ocrx_word' id='word_1_23' title='bbox 1589 573 1872 650; x_wconf 82' lang='lat' dir='ltr'>consequi</span> <span class='ocrx_word' id='word_1_24' title='bbox 1901 573 2049 632; x_wconf 47' lang='lat' dir='ltr'>‘vult</span> <span class='ocrx_word' id='word_1_25' title='bbox 2094 581 2285 650; x_wconf 88' lang='lat' dir='ltr'>poeta,</span> <span class='ocrx_word' id='word_1_26' title='bbox 2334 579 2400 633; x_wconf 91' lang='lat' dir='ltr'>ut</span> <span class='ocrx_word' id='word_1_27' title='bbox 2443 575 2595 635; x_wconf 92' lang='lat' dir='ltr'>actio</span> <span class='ocrx_word' id='word_1_28' title='bbox 2644 595 2825 655; x_wconf 89' lang='lat' dir='ltr'>quae-</span> 
     </span>
     <span class='ocr_line' id='line_1_4' title="bbox 460 671 2822 756; baseline 0.005 -30"><span class='ocrx_word' id='word_1_29' title='bbox 460 672 590 728; x_wconf 87' lang='lat' dir='ltr'>dam</span> <span class='ocrx_word' id='word_1_30' title='bbox 636 672 733 731; x_wconf 85' lang='lat' dir='ltr'>vel</span> <span class='ocrx_word' id='word_1_31' title='bbox 780 671 1044 731; x_wconf 89' lang='lat' dir='ltr'>condicio</span> <span class='ocrx_word' id='word_1_32' title='bbox 1090 692 1230 748; x_wconf 89' lang='lat' dir='ltr'>prae</span> <span class='ocrx_word' id='word_1_33' title='bbox 1276 693 1530 749; x_wconf 84' lang='lat' dir='ltr'>persona</span> <span class='ocrx_word' id='word_1_34' title='bbox 1573 679 1785 749; x_wconf 88' lang='lat' dir='ltr'>agente</span> <span class='ocrx_word' id='word_1_35' title='bbox 1833 676 2151 751; x_wconf 90' lang='lat' dir='ltr'>conspicua</span> <span class='ocrx_word' id='word_1_36' title='bbox 2195 677 2290 736; x_wconf 90' lang='lat' dir='ltr'>sit.</span> <span class='ocrx_word' id='word_1_37' title='bbox 2382 698 2532 756; x_wconf 91' lang='lat' dir='ltr'>quae</span> <span class='ocrx_word' id='word_1_38' title='bbox 2578 679 2822 737; x_wconf 90' lang='lat' dir='ltr'>circum·</span> 
     </span>
     <span class='ocr_line' id='line_1_5' title="bbox 459 774 2820 857; baseline 0.003 -26"><span class='ocrx_word' id='word_1_39' title='bbox 459 774 810 850; x_wconf 75' lang='lat' dir='ltr'>scriptiones</span> <span class='ocrx_word' id='word_1_40' title='bbox 872 775 1127 834; x_wconf 84' lang='lat' dir='ltr'>maxime</span> <span class='ocrx_word' id='word_1_41' title='bbox 1187 776 1464 852; x_wconf 86' lang='lat' dir='ltr'>propriae</span> <span class='ocrx_word' id='word_1_42' title='bbox 1536 795 1664 836; x_wconf 86' lang='lat' dir='ltr'>esse</span> <span class='ocrx_word' id='word_1_43' title='bbox 1736 778 2019 838; x_wconf 88' lang='lat' dir='ltr'>videntur</span> <span class='ocrx_word' id='word_1_44' title='bbox 2080 780 2435 854; x_wconf 83' lang='lat' dir='ltr'>tragicorum</span> <span class='ocrx_word' id='word_1_45' title='bbox 2495 787 2820 857; x_wconf 89' lang='lat' dir='ltr'>poetarum,</span> 
     </span>
     <span class='ocr_line' id='line_1_6' title="bbox 459 877 2819 962; baseline 0.004 -28"><span class='ocrx_word' id='word_1_46' title='bbox 459 877 598 954; x_wconf 88' lang='lat' dir='ltr'>quia</span> <span class='ocrx_word' id='word_1_47' title='bbox 643 877 863 952; x_wconf 88' lang='lat' dir='ltr'>optime</span> <span class='ocrx_word' id='word_1_48' title='bbox 923 880 994 935; x_wconf 91' lang='lat' dir='ltr'>ad</span> <span class='ocrx_word' id='word_1_49' title='bbox 1055 880 1341 938; x_wconf 86' lang='lat' dir='ltr'>sermonis</span> <span class='ocrx_word' id='word_1_50' title='bbox 1404 880 1825 940; x_wconf 81' lang='lat' dir='ltr'>sublimitatem</span> <span class='ocrx_word' id='word_1_51' title='bbox 1888 887 2066 961; x_wconf 90' lang='lat' dir='ltr'>atque</span> <span class='ocrx_word' id='word_1_52' title='bbox 2112 884 2461 957; x_wconf 87' lang='lat' dir='ltr'>gravitatem</span> <span class='ocrx_word' id='word_1_53' title='bbox 2509 886 2819 962; x_wconf 83' lang='lat' dir='ltr'>quadrant.</span> 
     </span>
     <span class='ocr_line' id='line_1_7' title="bbox 458 981 2823 1064; baseline 0.003 -27"><span class='ocrx_word' id='word_1_54' title='bbox 458 981 530 1038; x_wconf 88' lang='lat' dir='ltr'>cf.</span> <span class='ocrx_word' id='word_1_55' title='bbox 579 982 794 1040; x_wconf 85' lang='lat' dir='ltr'>Pacuv.</span> <span class='ocrx_word' id='word_1_56' title='bbox 859 981 1222 1040; x_wconf 88' lang='lat' dir='ltr'>Hermionae</span> <span class='ocrx_word' id='word_1_57' title='bbox 1280 1003 1334 1041; x_wconf 83' lang='lat' dir='ltr'>v.</span> <span class='ocrx_word' id='word_1_58' title='bbox 1388 987 1524 1055; x_wconf 88' lang='grc'><strong>161,</strong></span> <span class='ocrx_word' id='word_1_59' title='bbox 1589 989 1645 1059; x_wconf 84' lang='lat'>2,</span> <span class='ocrx_word' id='word_1_60' title='bbox 1709 988 1745 1042; x_wconf 83' lang='lat'><strong>3</strong></span> <span class='ocrx_word' id='word_1_61' title='bbox 1780 1029 1794 1043; x_wconf 95' lang='lat'>.</span> <span class='ocrx_word' id='word_1_62' title='bbox 1828 1029 1843 1044; x_wconf 91' lang='lat'>.</span> <span class='ocrx_word' id='word_1_63' title='bbox 1878 1028 1893 1043; x_wconf 90' lang='lat'>.</span> <span class='ocrx_word' id='word_1_64' title='bbox 1925 1028 1941 1044; x_wconf 94' lang='lat'>.</span> <span class='ocrx_word' id='word_1_65' title='bbox 1999 1005 2115 1064; x_wconf 90' lang='lat' dir='ltr'>quo</span> <span class='ocrx_word' id='word_1_66' title='bbox 2179 987 2414 1044; x_wconf 90' lang='lat' dir='ltr'>tandem</span> <span class='ocrx_word' id='word_1_67' title='bbox 2479 987 2609 1062; x_wconf 86' lang='lat' dir='ltr'>ipsa</span> <span class='ocrx_word' id='word_1_68' title='bbox 2666 988 2823 1045; x_wconf 92' lang='lat' dir='ltr'>orbi-</span> 
     </span>
     <span class='ocr_line' id='line_1_8' title="bbox 456 1079 2822 1166; baseline 0.003 -26"><span class='ocrx_word' id='word_1_69' title='bbox 456 1090 544 1141; x_wconf 88' lang='lat' dir='ltr'>tas</span> <span class='ocrx_word' id='word_1_70' title='bbox 585 1079 592 1161; x_wconf 90' lang='grc' dir='ltr'>Ι</span> <span class='ocrx_word' id='word_1_71' title='bbox 634 1084 1165 1162; x_wconf 85' lang='lat' dir='ltr'>grandaevitasque</span> <span class='ocrx_word' id='word_1_72' title='bbox 1229 1084 1393 1143; x_wconf 90' lang='lat' dir='ltr'>Pelei</span> <span class='ocrx_word' id='word_1_73' title='bbox 1456 1086 1763 1160; x_wconf 90' lang='lat' dir='ltr'>penuriam</span> <span class='ocrx_word' id='word_1_74' title='bbox 1821 1082 1829 1166; x_wconf 84' lang='grc' dir='ltr'>Ι</span> <span class='ocrx_word' id='word_1_75' title='bbox 1886 1087 2089 1163; x_wconf 82' lang='lat' dir='ltr'>stirpis</span> <span class='ocrx_word' id='word_1_76' title='bbox 2157 1089 2571 1161; x_wconf 86' lang='lat' dir='ltr'>subauxit;</span> <span class='ocrx_word' id='word_1_77' title='bbox 2616 1124 2701 1134; x_wconf 93' lang='lat'><strong>—</strong></span> <span class='ocrx_word' id='word_1_78' title='bbox 2745 1110 2822 1148; x_wconf 86' lang='lat' dir='ltr'>ex</span> 
     </span>
     <span class='ocr_line' id='line_1_9' title="bbox 455 1177 2813 1271; baseline 0.003 -27"><span class='ocrx_word' id='word_1_79' title='bbox 455 1188 663 1245; x_wconf 88' lang='lat' dir='ltr'>incert.</span> <span class='ocrx_word' id='word_1_80' title='bbox 707 1188 913 1246; x_wconf 89' lang='lat' dir='ltr'>incert.</span> <span class='ocrx_word' id='word_1_81' title='bbox 959 1190 1112 1262; x_wconf 89' lang='lat' dir='ltr'>trgd.</span> <span class='ocrx_word' id='word_1_82' title='bbox 1144 1209 1200 1247; x_wconf 84' lang='lat' dir='ltr'>v.</span> <span class='ocrx_word' id='word_1_83' title='bbox 1237 1192 1331 1260; x_wconf 85' lang='lat'>58,</span> <span class='ocrx_word' id='word_1_84' title='bbox 1367 1177 1402 1245; x_wconf 83' lang='lat'>9</span> <span class='ocrx_word' id='word_1_85' title='bbox 1451 1191 1607 1267; x_wconf 92' lang='lat' dir='ltr'>quod</span> <span class='ocrx_word' id='word_1_86' title='bbox 1655 1189 1716 1246; x_wconf 90' lang='lat' dir='ltr'>ni</span> <span class='ocrx_word' id='word_1_87' title='bbox 1764 1190 2066 1248; x_wconf 83' lang='lat' dir='ltr'>Palamedi</span> <span class='ocrx_word' id='word_1_88' title='bbox 2112 1192 2428 1268; x_wconf 84' lang='lat' dir='ltr'>perspicax</span> <span class='ocrx_word' id='word_1_89' title='bbox 2458 1192 2813 1271; x_wconf 66' lang='lat' dir='ltr'>prudentia}</span> 
     </span>
     <span class='ocr_line' id='line_1_10' title="bbox 454 1290 1668 1366; baseline 0.002 -18"><span class='ocrx_word' id='word_1_90' title='bbox 454 1290 627 1348; x_wconf 89' lang='lat' dir='ltr'>istius</span> <span class='ocrx_word' id='word_1_91' title='bbox 672 1296 1109 1366; x_wconf 87' lang='lat' dir='ltr'>perspexet</span> <span class='ocrx_word' id='word_1_92' title='bbox 1141 1335 1155 1348; x_wconf 95' lang='lat'>.</span> <span class='ocrx_word' id='word_1_93' title='bbox 1189 1334 1203 1349; x_wconf 94' lang='lat'>.</span> <span class='ocrx_word' id='word_1_94' title='bbox 1237 1335 1252 1350; x_wconf 90' lang='lat'>.</span> <span class='ocrx_word' id='word_1_95' title='bbox 1286 1335 1299 1350; x_wconf 95' lang='lat'>.</span> <span class='ocrx_word' id='word_1_96' title='bbox 1350 1291 1668 1350; x_wconf 88' lang='lat' dir='ltr'>audaciam.</span> 
     </span>
    </p>

    <p class='ocr_par' dir='ltr' id='par_1_2' title="bbox 449 1393 2821 2092">
     <span class='ocr_line' id='line_1_11' title="bbox 625 1393 2821 1474; baseline 0.003 -23"><span class='ocrx_word' id='word_1_97' title='bbox 625 1413 819 1473; x_wconf 90' lang='lat' dir='ltr'>neque</span> <span class='ocrx_word' id='word_1_98' title='bbox 865 1393 1078 1451; x_wconf 91' lang='lat' dir='ltr'>mirum</span> <span class='ocrx_word' id='word_1_99' title='bbox 1125 1399 1244 1468; x_wconf 86' lang='lat' dir='ltr'>est,</span> <span class='ocrx_word' id='word_1_100' title='bbox 1291 1394 1523 1452; x_wconf 89' lang='lat' dir='ltr'>easdem</span> <span class='ocrx_word' id='word_1_101' title='bbox 1567 1393 1903 1454; x_wconf 88' lang='lat' dir='ltr'>locutiones</span> <span class='ocrx_word' id='word_1_102' title='bbox 1948 1401 2182 1471; x_wconf 90' lang='lat' dir='ltr'>praesto</span> <span class='ocrx_word' id='word_1_103' title='bbox 2231 1417 2357 1456; x_wconf 90' lang='lat' dir='ltr'>esse</span> <span class='ocrx_word' id='word_1_104' title='bbox 2416 1398 2570 1472; x_wconf 91' lang='lat' dir='ltr'>apud</span> <span class='ocrx_word' id='word_1_105' title='bbox 2615 1403 2821 1474; x_wconf 85' lang='lat' dir='ltr'>poetas</span> 
     </span>
     <span class='ocr_line' id='line_1_12' title="bbox 455 1497 2819 1576; baseline 0.001 -20"><span class='ocrx_word' id='word_1_106' title='bbox 455 1498 722 1569; x_wconf 86' lang='lat' dir='ltr'>comicos,</span> <span class='ocrx_word' id='word_1_107' title='bbox 788 1498 887 1575; x_wconf 89' lang='lat' dir='ltr'>qui</span> <span class='ocrx_word' id='word_1_108' title='bbox 955 1497 1212 1572; x_wconf 85' lang='lat' dir='ltr'>tragicos</span> <span class='ocrx_word' id='word_1_109' title='bbox 1266 1506 1470 1573; x_wconf 87' lang='lat' dir='ltr'>poetas</span> <span class='ocrx_word' id='word_1_110' title='bbox 1517 1499 1753 1573; x_wconf 87' lang='lat' dir='ltr'>saepius</span> <span class='ocrx_word' id='word_1_111' title='bbox 1797 1497 2083 1557; x_wconf 89' lang='lat' dir='ltr'>imitando</span> <span class='ocrx_word' id='word_1_112' title='bbox 2130 1501 2201 1557; x_wconf 92' lang='lat' dir='ltr'>ad</span> <span class='ocrx_word' id='word_1_113' title='bbox 2247 1500 2560 1559; x_wconf 91' lang='lat' dir='ltr'>ridiculum</span> <span class='ocrx_word' id='word_1_114' title='bbox 2606 1503 2819 1576; x_wconf 90' lang='lat' dir='ltr'>perdu-</span> 
     </span>
     <span class='ocr_line' id='line_1_13' title="bbox 454 1599 2818 1677; baseline 0.001 -18"><span class='ocrx_word' id='word_1_115' title='bbox 454 1605 692 1659; x_wconf 85' lang='lat' dir='ltr'>cerent:</span> <span class='ocrx_word' id='word_1_116' title='bbox 739 1601 810 1659; x_wconf 85' lang='lat' dir='ltr'>cf.</span> <span class='ocrx_word' id='word_1_117' title='bbox 846 1600 1038 1659; x_wconf 88' lang='lat' dir='ltr'>Plaut.</span> <span class='ocrx_word' id='word_1_118' title='bbox 1071 1599 1200 1659; x_wconf 87' lang='lat' dir='ltr'>Mil.</span> <span class='ocrx_word' id='word_1_119' title='bbox 1232 1601 1379 1674; x_wconf 90' lang='lat' dir='ltr'>glor.</span> <span class='ocrx_word' id='word_1_120' title='bbox 1409 1621 1466 1660; x_wconf 83' lang='lat' dir='ltr'>v.</span> <span class='ocrx_word' id='word_1_121' title='bbox 1506 1604 1669 1659; x_wconf 85' lang='lat'>1238</span> <span class='ocrx_word' id='word_1_122' title='bbox 1718 1606 1937 1674; x_wconf 90' lang='lat' dir='ltr'>metuo,</span> <span class='ocrx_word' id='word_1_123' title='bbox 1988 1620 2064 1659; x_wconf 86' lang='lat' dir='ltr'>ne</span> <span class='ocrx_word' id='word_1_124' title='bbox 2108 1603 2468 1677; x_wconf 91' lang='lat' dir='ltr'>praedicatio</span> <span class='ocrx_word' id='word_1_125' title='bbox 2514 1606 2617 1660; x_wconf 91' lang='lat' dir='ltr'>tua</span> <span class='ocrx_word' id='word_1_126' title='bbox 2662 1622 2818 1662; x_wconf 92' lang='lat' dir='ltr'>nunc</span> 
     </span>
     <span class='ocr_line' id='line_1_14' title="bbox 453 1705 2819 1782; baseline 0.002 -20"><span class='ocrx_word' id='word_1_127' title='bbox 453 1724 641 1762; x_wconf 89' lang='lat' dir='ltr'>meam</span> <span class='ocrx_word' id='word_1_128' title='bbox 686 1706 936 1762; x_wconf 89' lang='lat' dir='ltr'>formam</span> <span class='ocrx_word' id='word_1_129' title='bbox 982 1710 1446 1780; x_wconf 80' lang='lat' dir='ltr'>exsuperet3</span> <span class='ocrx_word' id='word_1_130' title='bbox 1509 1737 1587 1746; x_wconf 88' lang='lat'><strong>—</strong></span> <span class='ocrx_word' id='word_1_131' title='bbox 1658 1723 2013 1782; x_wconf 89' lang='lat' dir='ltr'>quamquam</span> <span class='ocrx_word' id='word_1_132' title='bbox 2063 1705 2252 1763; x_wconf 89' lang='lat' dir='ltr'>eidem</span> <span class='ocrx_word' id='word_1_133' title='bbox 2300 1710 2360 1764; x_wconf 91' lang='lat' dir='ltr'>et</span> <span class='ocrx_word' id='word_1_134' title='bbox 2410 1705 2643 1781; x_wconf 89' lang='lat' dir='ltr'>saepius</span> <span class='ocrx_word' id='word_1_135' title='bbox 2686 1706 2819 1766; x_wconf 90' lang='lat' dir='ltr'>aliis</span> 
     </span>
     <span class='ocr_line' id='line_1_15' title="bbox 452 1806 2817 1880; baseline 0 -15"><span class='ocrx_word' id='word_1_136' title='bbox 452 1809 522 1865; x_wconf 91' lang='lat' dir='ltr'>de</span> <span class='ocrx_word' id='word_1_137' title='bbox 571 1807 760 1866; x_wconf 91' lang='lat' dir='ltr'>causis</span> <span class='ocrx_word' id='word_1_138' title='bbox 806 1807 1159 1880; x_wconf 85' lang='lat' dir='ltr'>tragicorum</span> <span class='ocrx_word' id='word_1_139' title='bbox 1206 1826 1427 1865; x_wconf 91' lang='lat' dir='ltr'>morem</span> <span class='ocrx_word' id='word_1_140' title='bbox 1479 1806 1541 1865; x_wconf 89' lang='lat' dir='ltr'>in</span> <span class='ocrx_word' id='word_1_141' title='bbox 1591 1827 1761 1865; x_wconf 91' lang='lat' dir='ltr'>suum</span> <span class='ocrx_word' id='word_1_142' title='bbox 1807 1809 2237 1866; x_wconf 88' lang='lat' dir='ltr'>convertebant</span> <span class='ocrx_word' id='word_1_143' title='bbox 2280 1828 2469 1867; x_wconf 91' lang='lat' dir='ltr'>usum.</span> <span class='ocrx_word' id='word_1_144' title='bbox 2557 1813 2817 1867; x_wconf 85' lang='lat' dir='ltr'>attamen</span> 
     </span>
     <span class='ocr_line' id='line_1_16' title="bbox 449 1910 2816 1984; baseline 0 -16"><span class='ocrx_word' id='word_1_145' title='bbox 449 1931 569 1969; x_wconf 92' lang='lat' dir='ltr'>non</span> <span class='ocrx_word' id='word_1_146' title='bbox 617 1910 802 1970; x_wconf 87' lang='lat' dir='ltr'>maior</span> <span class='ocrx_word' id='word_1_147' title='bbox 847 1917 938 1969; x_wconf 88' lang='lat' dir='ltr'>est</span> <span class='ocrx_word' id='word_1_148' title='bbox 981 1930 1260 1968; x_wconf 90' lang='lat' dir='ltr'>numerus</span> <span class='ocrx_word' id='word_1_149' title='bbox 1305 1910 1750 1984; x_wconf 86' lang='lat' dir='ltr'>exemplorum,</span> <span class='ocrx_word' id='word_1_150' title='bbox 1812 1929 1885 1967; x_wconf 91' lang='lat' dir='ltr'>ne</span> <span class='ocrx_word' id='word_1_151' title='bbox 1946 1910 2057 1969; x_wconf 90' lang='lat' dir='ltr'>hac</span> <span class='ocrx_word' id='word_1_152' title='bbox 2108 1910 2339 1968; x_wconf 91' lang='lat' dir='ltr'>dicendi</span> <span class='ocrx_word' id='word_1_153' title='bbox 2388 1911 2816 1969; x_wconf 90' lang='lat' dir='ltr'>consuetudine</span> 
     </span>
     <span class='ocr_line' id='line_1_17' title="bbox 451 2013 2472 2092; baseline 0 -20"><span class='ocrx_word' id='word_1_154' title='bbox 451 2016 683 2090; x_wconf 88' lang='lat' dir='ltr'>saepius</span> <span class='ocrx_word' id='word_1_155' title='bbox 732 2014 997 2072; x_wconf 90' lang='lat' dir='ltr'>adhibita</span> <span class='ocrx_word' id='word_1_156' title='bbox 1040 2019 1225 2072; x_wconf 88' lang='lat' dir='ltr'>totam</span> <span class='ocrx_word' id='word_1_157' title='bbox 1269 2013 1388 2072; x_wconf 91' lang='lat' dir='ltr'>vim</span> <span class='ocrx_word' id='word_1_158' title='bbox 1436 2024 1615 2092; x_wconf 87' lang='lat' dir='ltr'>atque</span> <span class='ocrx_word' id='word_1_159' title='bbox 1661 2017 2014 2088; x_wconf 89' lang='lat' dir='ltr'>potestatem</span> <span class='ocrx_word' id='word_1_160' title='bbox 2064 2014 2472 2088; x_wconf 87' lang='lat' dir='ltr'>deperderent.</span> 
     </span>
    </p>

    <p class='ocr_par' dir='ltr' id='par_1_3' title="bbox 450 2116 2817 2607">
     <span class='ocr_line' id='line_1_18' title="bbox 621 2116 2815 2197; baseline 0 -21"><span class='ocrx_word' id='word_1_161' title='bbox 621 2137 771 2197; x_wconf 87' lang='lat' dir='ltr'>quae</span> <span class='ocrx_word' id='word_1_162' title='bbox 823 2137 965 2177; x_wconf 84' lang='lat' dir='ltr'>vero</span> <span class='ocrx_word' id='word_1_163' title='bbox 1027 2116 1301 2192; x_wconf 86' lang='lat' dir='ltr'>exempla</span> <span class='ocrx_word' id='word_1_164' title='bbox 1360 2136 1480 2174; x_wconf 91' lang='lat' dir='ltr'>non</span> <span class='ocrx_word' id='word_1_165' title='bbox 1540 2134 1772 2191; x_wconf 86' lang='lat' dir='ltr'>semper</span> <span class='ocrx_word' id='word_1_166' title='bbox 1832 2122 2104 2192; x_wconf 89' lang='lat' dir='ltr'>spectant</span> <span class='ocrx_word' id='word_1_167' title='bbox 2165 2118 2239 2174; x_wconf 89' lang='lat' dir='ltr'>ad</span> <span class='ocrx_word' id='word_1_168' title='bbox 2284 2117 2536 2176; x_wconf 89' lang='lat' dir='ltr'>sublime</span> <span class='ocrx_word' id='word_1_169' title='bbox 2584 2118 2815 2178; x_wconf 89' lang='lat' dir='ltr'>dicendi</span> 
     </span>
     <span class='ocr_line' id='line_1_19' title="bbox 451 2218 2816 2300; baseline 0 -21"><span class='ocrx_word' id='word_1_170' title='bbox 451 2241 653 2295; x_wconf 80' lang='lat' dir='ltr'>genus,</span> <span class='ocrx_word' id='word_1_171' title='bbox 740 2240 935 2300; x_wconf 87' lang='lat' dir='ltr'>neque</span> <span class='ocrx_word' id='word_1_172' title='bbox 995 2220 1059 2278; x_wconf 91' lang='lat' dir='ltr'>in</span> <span class='ocrx_word' id='word_1_173' title='bbox 1119 2219 1652 2284; x_wconf 84' lang='lat' dir='ltr'>innumerabilibus</span> <span class='ocrx_word' id='word_1_174' title='bbox 1713 2218 1873 2292; x_wconf 88' lang='lat' dir='ltr'>fere,</span> <span class='ocrx_word' id='word_1_175' title='bbox 1940 2238 2091 2298; x_wconf 90' lang='lat' dir='ltr'>quae</span> <span class='ocrx_word' id='word_1_176' title='bbox 2151 2219 2457 2294; x_wconf 88' lang='lat' dir='ltr'>leguntur,</span> <span class='ocrx_word' id='word_1_177' title='bbox 2527 2221 2816 2297; x_wconf 75' lang='lat' dir='ltr'>eiusmodi</span> 
     </span>
     <span class='ocr_line' id='line_1_20' title="bbox 454 2324 2817 2404; baseline -0 -20"><span class='ocrx_word' id='word_1_178' title='bbox 454 2325 740 2404; x_wconf 84' lang='lat' dir='ltr'>exemplis</span> <span class='ocrx_word' id='word_1_179' title='bbox 768 2325 926 2402; x_wconf 90' lang='lat' dir='ltr'>apud</span> <span class='ocrx_word' id='word_1_180' title='bbox 958 2324 1316 2394; x_wconf 86' lang='lat' dir='ltr'>Terentium,</span> <span class='ocrx_word' id='word_1_181' title='bbox 1362 2326 1607 2399; x_wconf 91' lang='lat' dir='ltr'>propter</span> <span class='ocrx_word' id='word_1_182' title='bbox 1636 2342 2017 2399; x_wconf 87' lang='lat' dir='ltr'>permagnum</span> <span class='ocrx_word' id='word_1_183' title='bbox 2053 2341 2256 2380; x_wconf 91' lang='lat' dir='ltr'>eorum</span> <span class='ocrx_word' id='word_1_184' title='bbox 2290 2330 2596 2382; x_wconf 86' lang='lat' dir='ltr'>numerum</span> <span class='ocrx_word' id='word_1_185' title='bbox 2640 2331 2817 2401; x_wconf 89' lang='lat' dir='ltr'>poeta</span> 
     </span>
     <span class='ocr_line' id='line_1_21' title="bbox 450 2426 2814 2509; baseline -0.001 -21"><span class='ocrx_word' id='word_1_186' title='bbox 450 2430 671 2509; x_wconf 90' lang='lat' dir='ltr'>ubique</span> <span class='ocrx_word' id='word_1_187' title='bbox 717 2429 976 2503; x_wconf 90' lang='lat' dir='ltr'>cogitare</span> <span class='ocrx_word' id='word_1_188' title='bbox 1020 2428 1234 2504; x_wconf 89' lang='lat' dir='ltr'>potuit,</span> <span class='ocrx_word' id='word_1_189' title='bbox 1290 2446 1352 2485; x_wconf 90' lang='lat' dir='ltr'>se</span> <span class='ocrx_word' id='word_1_190' title='bbox 1396 2426 1552 2485; x_wconf 83' lang='lat' dir='ltr'>velle</span> <span class='ocrx_word' id='word_1_191' title='bbox 1597 2426 1849 2499; x_wconf 82' lang='lat' dir='ltr'>efficere,</span> <span class='ocrx_word' id='word_1_192' title='bbox 1908 2433 1975 2485; x_wconf 93' lang='lat' dir='ltr'>ut</span> <span class='ocrx_word' id='word_1_193' title='bbox 2019 2428 2171 2486; x_wconf 88' lang='lat' dir='ltr'>aetio</span> <span class='ocrx_word' id='word_1_194' title='bbox 2235 2427 2332 2487; x_wconf 91' lang='lat' dir='ltr'>vel</span> <span class='ocrx_word' id='word_1_195' title='bbox 2377 2428 2637 2487; x_wconf 89' lang='lat' dir='ltr'>conditio</span> <span class='ocrx_word' id='word_1_196' title='bbox 2683 2448 2814 2504; x_wconf 90' lang='lat' dir='ltr'>per-</span> 
     </span>
     <span class='ocr_line' id='line_1_22' title="bbox 451 2533 1725 2607; baseline -0.001 -17"><span class='ocrx_word' id='word_1_197' title='bbox 451 2552 628 2591; x_wconf 91' lang='lat' dir='ltr'>sonae</span> <span class='ocrx_word' id='word_1_198' title='bbox 675 2533 963 2590; x_wconf 90' lang='lat' dir='ltr'>emineret</span> <span class='ocrx_word' id='word_1_199' title='bbox 1006 2550 1147 2607; x_wconf 91' lang='lat' dir='ltr'>prae</span> <span class='ocrx_word' id='word_1_200' title='bbox 1192 2549 1448 2606; x_wconf 89' lang='lat' dir='ltr'>persona</span> <span class='ocrx_word' id='word_1_201' title='bbox 1491 2538 1725 2605; x_wconf 83' lang='lat' dir='ltr'>agente.</span> 
     </span>
    </p>

    <p class='ocr_par' dir='ltr' id='par_1_4' title="bbox 621 2634 2814 2714">
     <span class='ocr_line' id='line_1_23' title="bbox 621 2634 2814 2714; baseline -0 -21"><span class='ocrx_word' id='word_1_202' title='bbox 621 2655 820 2694; x_wconf 90' lang='lat' dir='ltr'>earum</span> <span class='ocrx_word' id='word_1_203' title='bbox 865 2636 1048 2709; x_wconf 88' lang='lat' dir='ltr'>igitur</span> <span class='ocrx_word' id='word_1_204' title='bbox 1091 2634 1454 2693; x_wconf 88' lang='lat' dir='ltr'>locutionum</span> <span class='ocrx_word' id='word_1_205' title='bbox 1501 2634 1617 2692; x_wconf 90' lang='lat' dir='ltr'>alia</span> <span class='ocrx_word' id='word_1_206' title='bbox 1667 2637 1757 2692; x_wconf 91' lang='lat' dir='ltr'>est</span> <span class='ocrx_word' id='word_1_207' title='bbox 1802 2652 1975 2692; x_wconf 88' lang='lat' dir='ltr'>causa</span> <span class='ocrx_word' id='word_1_208' title='bbox 2022 2634 2374 2711; x_wconf 86' lang='lat' dir='ltr'>quaerenda,</span> <span class='ocrx_word' id='word_1_209' title='bbox 2423 2654 2598 2714; x_wconf 90' lang='lat' dir='ltr'>quam</span> <span class='ocrx_word' id='word_1_210' title='bbox 2645 2654 2814 2710; x_wconf 87' lang='lat' dir='ltr'>repe-</span> 
     </span>
    </p>
   </div>
   <div class='ocr_carea' id='block_1_2' title="bbox 452 2736 2909 2815">
    <p class='ocr_par' dir='ltr' id='par_1_5' title="bbox 452 2736 2909 2815">
     <span class='ocr_line' id='line_1_24' title="bbox 452 2736 2909 2815; baseline -0.001 -18"><span class='ocrx_word' id='word_1_211' title='bbox 452 2739 597 2797; x_wconf 89' lang='lat' dir='ltr'>risse</span> <span class='ocrx_word' id='word_1_212' title='bbox 641 2739 862 2797; x_wconf 86' lang='lat' dir='ltr'>videor.</span> <span class='ocrx_word' id='word_1_213' title='bbox 951 2757 1204 2815; x_wconf 86' lang='lat' dir='ltr'>namque</span> <span class='ocrx_word' id='word_1_214' title='bbox 1264 2738 1418 2813; x_wconf 91' lang='lat' dir='ltr'>apud</span> <span class='ocrx_word' id='word_1_215' title='bbox 1481 2736 1736 2794; x_wconf 88' lang='lat' dir='ltr'>Graecos</span> <span class='ocrx_word' id='word_1_216' title='bbox 1797 2754 1927 2793; x_wconf 91' lang='lat' dir='ltr'>mea</span> <span class='ocrx_word' id='word_1_217' title='bbox 1990 2736 2273 2811; x_wconf 89' lang='lat' dir='ltr'>opinione</span> <span class='ocrx_word' id='word_1_218' title='bbox 2318 2736 2642 2811; x_wconf 88' lang='lat' dir='ltr'>primordia</span> <span class='ocrx_word' id='word_1_219' title='bbox 2686 2738 2813 2796; x_wconf 88' lang='lat' dir='ltr'>eius</span> <span class='ocrx_word' id='word_1_220' title='bbox 2901 2798 2909 2809; x_wconf 36' lang='lat'><strong>⁴</strong></span> 
     </span>
    </p>
   </div>
   <div class='ocr_carea' id='block_1_3' title="bbox 446 2838 2813 4263">
    <p class='ocr_par' dir='ltr' id='par_1_6' title="bbox 451 2838 2813 3106">
     <span class='ocr_line' id='line_1_25' title="bbox 453 2838 2813 2917; baseline -0 -19"><span class='ocrx_word' id='word_1_221' title='bbox 453 2862 592 2899; x_wconf 89' lang='lat' dir='ltr'>usus</span> <span class='ocrx_word' id='word_1_222' title='bbox 636 2841 1049 2917; x_wconf 85' lang='lat' dir='ltr'>investiganda</span> <span class='ocrx_word' id='word_1_223' title='bbox 1092 2845 1247 2912; x_wconf 88' lang='lat' dir='ltr'>sunt,</span> <span class='ocrx_word' id='word_1_224' title='bbox 1291 2839 1642 2916; x_wconf 87' lang='lat' dir='ltr'>praesertim</span> <span class='ocrx_word' id='word_1_225' title='bbox 1688 2859 1821 2897; x_wconf 92' lang='lat' dir='ltr'>cum</span> <span class='ocrx_word' id='word_1_226' title='bbox 1867 2846 2232 2913; x_wconf 90' lang='lat' dir='ltr'>compertum</span> <span class='ocrx_word' id='word_1_227' title='bbox 2279 2838 2627 2913; x_wconf 75' lang='lat' dir='ltr'>habeamuS,</span> <span class='ocrx_word' id='word_1_228' title='bbox 2676 2845 2813 2899; x_wconf 89' lang='lat' dir='ltr'>ante</span> 
     </span>
     <span class='ocr_line' id='line_1_26' title="bbox 453 2940 2812 3020; baseline -0.001 -18"><span class='ocrx_word' id='word_1_229' title='bbox 453 2964 654 3003; x_wconf 90' lang='lat' dir='ltr'>omnes</span> <span class='ocrx_word' id='word_1_230' title='bbox 699 2944 1039 3003; x_wconf 86' lang='lat' dir='ltr'>Terentium</span> <span class='ocrx_word' id='word_1_231' title='bbox 1089 2944 1441 3003; x_wconf 86' lang='lat' dir='ltr'>Graecorum</span> <span class='ocrx_word' id='word_1_232' title='bbox 1505 2946 1811 3017; x_wconf 89' lang='lat' dir='ltr'>poetarum</span> <span class='ocrx_word' id='word_1_233' title='bbox 1871 2940 2225 2999; x_wconf 86' lang='lat' dir='ltr'>limatiorem</span> <span class='ocrx_word' id='word_1_234' title='bbox 2271 2940 2812 3020; x_wconf 89' lang='lat' dir='ltr'>elegantioremque</span> 
     </span>
     <span class='ocr_line' id='line_1_27' title="bbox 451 3047 1309 3106; baseline -0.001 -1"><span class='ocrx_word' id='word_1_235' title='bbox 451 3066 778 3106; x_wconf 89' lang='lat' dir='ltr'>sermonem</span> <span class='ocrx_word' id='word_1_236' title='bbox 824 3047 1118 3106; x_wconf 84' lang='lat' dir='ltr'>imitatum</span> <span class='ocrx_word' id='word_1_237' title='bbox 1166 3065 1309 3105; x_wconf 89' lang='lat' dir='ltr'>esse.</span> 
     </span>
    </p>

    <p class='ocr_par' dir='ltr' id='par_1_7' title="bbox 446 3146 2810 3847">
     <span class='ocr_line' id='line_1_28' title="bbox 619 3146 2810 3227; baseline -0.001 -19"><span class='ocrx_word' id='word_1_238' title='bbox 619 3151 729 3209; x_wconf 89' lang='lat' dir='ltr'>hae</span> <span class='ocrx_word' id='word_1_239' title='bbox 773 3170 916 3211; x_wconf 83' lang='lat' dir='ltr'>vero</span> <span class='ocrx_word' id='word_1_240' title='bbox 960 3150 1308 3221; x_wconf 89' lang='lat' dir='ltr'>locutiones,</span> <span class='ocrx_word' id='word_1_241' title='bbox 1353 3167 1505 3227; x_wconf 88' lang='lat' dir='ltr'>quae</span> <span class='ocrx_word' id='word_1_242' title='bbox 1549 3149 1620 3206; x_wconf 96' lang='lat' dir='ltr'>ad</span> <span class='ocrx_word' id='word_1_243' title='bbox 1668 3151 1872 3222; x_wconf 88' lang='lat' dir='ltr'>poetas</span> <span class='ocrx_word' id='word_1_244' title='bbox 1918 3146 2074 3204; x_wconf 88' lang='lat' dir='ltr'>solos</span> <span class='ocrx_word' id='word_1_245' title='bbox 2117 3147 2453 3222; x_wconf 79' lang='lat' dir='ltr'>pertinent,</span> <span class='ocrx_word' id='word_1_246' title='bbox 2499 3152 2705 3222; x_wconf 90' lang='lat' dir='ltr'>postea</span> <span class='ocrx_word' id='word_1_247' title='bbox 2746 3148 2810 3205; x_wconf 90' lang='lat' dir='ltr'>in</span> 
     </span>
     <span class='ocr_line' id='line_1_29' title="bbox 446 3250 2810 3329; baseline -0.002 -17"><span class='ocrx_word' id='word_1_248' title='bbox 446 3274 679 3329; x_wconf 84' lang='lat' dir='ltr'>prosam</span> <span class='ocrx_word' id='word_1_249' title='bbox 745 3254 1067 3313; x_wconf 86' lang='lat' dir='ltr'>orationem</span> <span class='ocrx_word' id='word_1_250' title='bbox 1131 3253 1450 3312; x_wconf 82' lang='lat' dir='ltr'>translatae</span> <span class='ocrx_word' id='word_1_251' title='bbox 1517 3257 1672 3310; x_wconf 89' lang='lat' dir='ltr'>sunt.</span> <span class='ocrx_word' id='word_1_252' title='bbox 1762 3271 1879 3329; x_wconf 93' lang='lat' dir='ltr'>quo</span> <span class='ocrx_word' id='word_1_253' title='bbox 1950 3257 2215 3324; x_wconf 91' lang='lat' dir='ltr'>tempore</span> <span class='ocrx_word' id='word_1_254' title='bbox 2299 3250 2359 3307; x_wconf 91' lang='lat' dir='ltr'>id</span> <span class='ocrx_word' id='word_1_255' title='bbox 2428 3251 2647 3308; x_wconf 88' lang='lat' dir='ltr'>factum</span> <span class='ocrx_word' id='word_1_256' title='bbox 2715 3252 2810 3322; x_wconf 88' lang='lat' dir='ltr'>sit,</span> 
     </span>
     <span class='ocr_line' id='line_1_30' title="bbox 448 3353 2810 3434; baseline -0.002 -19"><span class='ocrx_word' id='word_1_257' title='bbox 448 3363 692 3433; x_wconf 89' lang='lat' dir='ltr'>propter</span> <span class='ocrx_word' id='word_1_258' title='bbox 734 3377 950 3433; x_wconf 90' lang='lat' dir='ltr'>paucas</span> <span class='ocrx_word' id='word_1_259' title='bbox 995 3363 1056 3415; x_wconf 93' lang='lat' dir='ltr'>et</span> <span class='ocrx_word' id='word_1_260' title='bbox 1099 3356 1346 3430; x_wconf 85' lang='lat' dir='ltr'>exiguas</span> <span class='ocrx_word' id='word_1_261' title='bbox 1381 3353 1682 3434; x_wconf 85' lang='lat' dir='ltr'>reliquias,</span> <span class='ocrx_word' id='word_1_262' title='bbox 1729 3373 1879 3432; x_wconf 88' lang='lat' dir='ltr'>quae</span> <span class='ocrx_word' id='word_1_263' title='bbox 1925 3372 1956 3410; x_wconf 93' lang='lat' dir='ltr'>e</span> <span class='ocrx_word' id='word_1_264' title='bbox 1988 3353 2183 3428; x_wconf 89' lang='lat' dir='ltr'>prisca</span> <span class='ocrx_word' id='word_1_265' title='bbox 2214 3353 2539 3412; x_wconf 84' lang='lat' dir='ltr'>Latinitate</span> <span class='ocrx_word' id='word_1_266' title='bbox 2584 3354 2658 3411; x_wconf 90' lang='lat' dir='ltr'>ad</span> <span class='ocrx_word' id='word_1_267' title='bbox 2706 3373 2810 3411; x_wconf 90' lang='lat' dir='ltr'>no-</span> 
     </span>
     <span class='ocr_line' id='line_1_31' title="bbox 450 3454 2808 3537; baseline -0.002 -20"><span class='ocrx_word' id='word_1_268' title='bbox 450 3466 626 3518; x_wconf 91' lang='lat' dir='ltr'>stram</span> <span class='ocrx_word' id='word_1_269' title='bbox 690 3468 1093 3537; x_wconf 86' lang='lat' dir='ltr'>pervenerunt</span> <span class='ocrx_word' id='word_1_270' title='bbox 1134 3454 1522 3531; x_wconf 87' lang='lat' dir='ltr'>memoriam,</span> <span class='ocrx_word' id='word_1_271' title='bbox 1584 3457 1867 3532; x_wconf 91' lang='lat' dir='ltr'>suspicari</span> <span class='ocrx_word' id='word_1_272' title='bbox 1931 3476 2051 3514; x_wconf 90' lang='lat' dir='ltr'>non</span> <span class='ocrx_word' id='word_1_273' title='bbox 2109 3475 2439 3531; x_wconf 89' lang='lat' dir='ltr'>possumus.</span> <span class='ocrx_word' id='word_1_274' title='bbox 2549 3460 2808 3514; x_wconf 88' lang='lat' dir='ltr'>attamen</span> 
     </span>
     <span class='ocr_line' id='line_1_32' title="bbox 451 3557 2809 3633; baseline -0.003 -12"><span class='ocrx_word' id='word_1_275' title='bbox 451 3564 749 3624; x_wconf 86' lang='lat' dir='ltr'>Ciceronis</span> <span class='ocrx_word' id='word_1_276' title='bbox 792 3570 985 3623; x_wconf 89' lang='lat' dir='ltr'>aetate</span> <span class='ocrx_word' id='word_1_277' title='bbox 1031 3568 1253 3623; x_wconf 89' lang='lat' dir='ltr'>certum</span> <span class='ocrx_word' id='word_1_278' title='bbox 1300 3569 1406 3633; x_wconf 88' lang='lat' dir='ltr'>est,</span> <span class='ocrx_word' id='word_1_279' title='bbox 1453 3581 1584 3619; x_wconf 92' lang='lat' dir='ltr'>eum</span> <span class='ocrx_word' id='word_1_280' title='bbox 1634 3558 1863 3618; x_wconf 89' lang='lat' dir='ltr'>dicendi</span> <span class='ocrx_word' id='word_1_281' title='bbox 1912 3578 2081 3617; x_wconf 90' lang='lat' dir='ltr'>usum</span> <span class='ocrx_word' id='word_1_282' title='bbox 2127 3557 2383 3615; x_wconf 84' lang='lat' dir='ltr'>maxime</span> <span class='ocrx_word' id='word_1_283' title='bbox 2425 3558 2809 3630; x_wconf 85' lang='lat' dir='ltr'>inveterasse,</span> 
     </span>
     <span class='ocr_line' id='line_1_33' title="bbox 448 3660 2808 3744; baseline -0.003 -19"><span class='ocrx_word' id='word_1_284' title='bbox 448 3668 532 3727; x_wconf 92' lang='lat' dir='ltr'>ita</span> <span class='ocrx_word' id='word_1_285' title='bbox 590 3673 658 3726; x_wconf 94' lang='lat' dir='ltr'>ut</span> <span class='ocrx_word' id='word_1_286' title='bbox 702 3668 905 3728; x_wconf 86' lang='lat' dir='ltr'>Cicero</span> <span class='ocrx_word' id='word_1_287' title='bbox 969 3685 1257 3744; x_wconf 87' lang='lat' dir='ltr'>nusquam</span> <span class='ocrx_word' id='word_1_288' title='bbox 1317 3665 1570 3724; x_wconf 89' lang='lat' dir='ltr'>sensisse</span> <span class='ocrx_word' id='word_1_289' title='bbox 1613 3664 1901 3734; x_wconf 86' lang='lat' dir='ltr'>videatur,</span> <span class='ocrx_word' id='word_1_290' title='bbox 1961 3667 2238 3741; x_wconf 88' lang='lat' dir='ltr'>quantam</span> <span class='ocrx_word' id='word_1_291' title='bbox 2300 3660 2632 3719; x_wconf 90' lang='lat' dir='ltr'>libertatem</span> <span class='ocrx_word' id='word_1_292' title='bbox 2696 3661 2808 3718; x_wconf 87' lang='lat' dir='ltr'>sibi</span> 
     </span>
     <span class='ocr_line' id='line_1_34' title="bbox 447 3771 844 3847; baseline 0 -18"><span class='ocrx_word' id='word_1_293' title='bbox 447 3771 844 3847; x_wconf 87' lang='lat' dir='ltr'>assumpserit.</span> 
     </span>
    </p>

    <p class='ocr_par' dir='ltr' id='par_1_8' title="bbox 447 3865 2810 4263">
     <span class='ocr_line' id='line_1_35' title="bbox 621 3865 2810 3954; baseline -0.005 -20"><span class='ocrx_word' id='word_1_294' title='bbox 621 3895 736 3954; x_wconf 92' lang='lat' dir='ltr'>qua</span> <span class='ocrx_word' id='word_1_295' title='bbox 811 3876 882 3933; x_wconf 88' lang='lat' dir='ltr'>de</span> <span class='ocrx_word' id='word_1_296' title='bbox 962 3874 1146 3932; x_wconf 86' lang='lat' dir='ltr'>classe</span> <span class='ocrx_word' id='word_1_297' title='bbox 1222 3871 1469 3930; x_wconf 88' lang='lat' dir='ltr'>consilio</span> <span class='ocrx_word' id='word_1_298' title='bbox 1551 3870 1741 3928; x_wconf 86' lang='lat' dir='ltr'>fusius</span> <span class='ocrx_word' id='word_1_299' title='bbox 1824 3867 2102 3938; x_wconf 87' lang='lat' dir='ltr'>disserui,</span> <span class='ocrx_word' id='word_1_300' title='bbox 2177 3870 2357 3943; x_wconf 90' lang='lat' dir='ltr'>atque</span> <span class='ocrx_word' id='word_1_301' title='bbox 2424 3865 2810 3923; x_wconf 85' lang='lat' dir='ltr'>Ciceroniana</span> 
     </span>
     <span class='ocr_line' id='line_1_36' title="bbox 450 3968 2805 4057; baseline -0.005 -21"><span class='ocrx_word' id='word_1_302' title='bbox 450 3979 738 4055; x_wconf 82' lang='lat' dir='ltr'>exempla,</span> <span class='ocrx_word' id='word_1_303' title='bbox 800 3998 949 4057; x_wconf 86' lang='lat' dir='ltr'>quae</span> <span class='ocrx_word' id='word_1_304' title='bbox 995 3978 1112 4035; x_wconf 90' lang='lat' dir='ltr'>huc</span> <span class='ocrx_word' id='word_1_305' title='bbox 1156 3976 1486 4050; x_wconf 85' lang='lat' dir='ltr'>pertinent,</span> <span class='ocrx_word' id='word_1_306' title='bbox 1551 3976 1622 4030; x_wconf 90' lang='lat' dir='ltr'>de</span> <span class='ocrx_word' id='word_1_307' title='bbox 1690 3972 1982 4030; x_wconf 90' lang='lat' dir='ltr'>industria</span> <span class='ocrx_word' id='word_1_308' title='bbox 2045 3968 2478 4029; x_wconf 87' lang='lat' dir='ltr'>accuratissime</span> <span class='ocrx_word' id='word_1_309' title='bbox 2537 3985 2805 4044; x_wconf 89' lang='lat' dir='ltr'>perscru-</span> 
     </span>
     <span class='ocr_line' id='line_1_37' title="bbox 447 4070 2807 4149; baseline -0.007 -9"><span class='ocrx_word' id='word_1_310' title='bbox 447 4089 606 4141; x_wconf 90' lang='lat' dir='ltr'>tatus</span> <span class='ocrx_word' id='word_1_311' title='bbox 652 4103 776 4139; x_wconf 88' lang='lat' dir='ltr'>sum</span> <span class='ocrx_word' id='word_1_312' title='bbox 826 4090 886 4140; x_wconf 91' lang='lat' dir='ltr'>et</span> <span class='ocrx_word' id='word_1_313' title='bbox 932 4081 1114 4137; x_wconf 88' lang='lat' dir='ltr'>multa</span> <span class='ocrx_word' id='word_1_314' title='bbox 1159 4097 1358 4135; x_wconf 90' lang='lat' dir='ltr'>eorum</span> <span class='ocrx_word' id='word_1_315' title='bbox 1407 4076 1649 4147; x_wconf 87' lang='lat' dir='ltr'>contuli,</span> <span class='ocrx_word' id='word_1_316' title='bbox 1697 4075 1806 4133; x_wconf 91' lang='lat' dir='ltr'>etsi</span> <span class='ocrx_word' id='word_1_317' title='bbox 1853 4082 2101 4149; x_wconf 87' lang='lat' dir='ltr'>propter</span> <span class='ocrx_word' id='word_1_318' title='bbox 2146 4070 2577 4128; x_wconf 82' lang='lat' dir='ltr'>dissertationis</span> <span class='ocrx_word' id='word_1_319' title='bbox 2622 4088 2807 4142; x_wconf 89' lang='lat' dir='ltr'>angu-</span> 
     </span>
     <span class='ocr_line' id='line_1_38' title="bbox 450 4172 2805 4263; baseline -0.006 -20"><span class='ocrx_word' id='word_1_320' title='bbox 450 4185 590 4245; x_wconf 87' lang='lat' dir='ltr'>stias</span> <span class='ocrx_word' id='word_1_321' title='bbox 637 4205 710 4243; x_wconf 93' lang='lat' dir='ltr'>ne</span> <span class='ocrx_word' id='word_1_322' title='bbox 755 4185 884 4242; x_wconf 71' lang='lat' dir='ltr'>ficri</span> <span class='ocrx_word' id='word_1_323' title='bbox 931 4184 1166 4263; x_wconf 89' lang='lat' dir='ltr'>quidem</span> <span class='ocrx_word' id='word_1_324' title='bbox 1212 4179 1439 4254; x_wconf 88' lang='lat' dir='ltr'>potuit,</span> <span class='ocrx_word' id='word_1_325' title='bbox 1485 4179 1630 4258; x_wconf 92' lang='lat' dir='ltr'>quin</span> <span class='ocrx_word' id='word_1_326' title='bbox 1675 4177 1907 4236; x_wconf 88' lang='lat' dir='ltr'>tertiam</span> <span class='ocrx_word' id='word_1_327' title='bbox 1953 4176 2079 4233; x_wconf 88' lang='lat' dir='ltr'>fere</span> <span class='ocrx_word' id='word_1_328' title='bbox 2126 4172 2531 4260; x_wconf 83' lang='lat' dir='ltr'>exemplorum</span> <span class='ocrx_word' id='word_1_329' title='bbox 2576 4176 2805 4246; x_wconf 88' lang='lat' dir='ltr'>partem</span> 
     </span>
    </p>
   </div>
  </div>
 </body>
</html>
