3244 4792
1434 167 1857 232 -88-

622 343 825 421 itaque
888 343 1035 400 haec
1101 340 1375 418 exempla
1439 341 1667 399 habent
1734 340 2026 418 quandam
2107 339 2560 399 similitudinem
2622 346 2823 401 sextae

452 445 676 506 elassis.

623 549 688 625 b)
734 547 1144 608 audacissimis
1189 545 1682 605 translationibus
1713 545 1917 627 ‚utitur
1960 550 2157 623 poeta,
2201 545 2250 604 si
2295 565 2494 605 rerum
2540 545 2688 604 situs
2733 551 2820 602 at-

454 672 570 733 que
631 650 1023 724 conditiones,
1081 668 1470 727 personarum
1530 649 1779 708 affectus
1837 655 2017 728 atque
2081 649 2262 707 animi
2324 653 2520 708 motus
2566 648 2821 726 splendi-

453 754 718 814 dioribus
761 753 1012 832 poeticis
1056 751 1354 812 coloribus
1399 751 1680 811 illustrat.
1770 752 1984 831 quibus
2030 753 2367 812 abundant:

624 856 686 934 α)
751 856 1045 932 imprimis
1117 856 1420 933 epicorum
1495 862 1809 931 poetarum
1873 856 2168 928 carmina,
2253 857 2328 916 cf.
2398 856 2552 916 Enn.
2622 858 2821 916 annal.

452 961 556 1022 lib.
599 960 773 1032 XVI,
817 981 875 1018 v.
924 960 1067 1036 417,
1115 963 1150 1017 8
1201 1004 1214 1017 .
1247 1003 1262 1018 .
1297 1004 1309 1017 .
1345 1002 1360 1016 .
1403 960 1636 1017 interea
1698 961 1804 1018 fax
1856 955 1865 1039 Ι
1908 959 2124 1019 occidit
2183 978 2586 1037 oceanumque
2639 961 2822 1018 rubra

452 1062 688 1123 tractim
757 1063 1033 1121 obruit
1077 1063 1286 1121 aethra
1329 1094 1433 1136 —-,
1484 1062 1594 1121 etsi
1651 1063 1857 1120 eadem
1920 1063 2195 1140 exempla
2245 1063 2423 1121 etiam
2469 1063 2625 1140 apud
2672 1063 2821 1122 alios

453 1171 660 1244 poetas
704 1170 943 1243 praesto
991 1170 1147 1238 sunt,
1195 1164 1410 1244 quibus
1459 1165 1697 1244 quidem
1745 1165 1931 1223 nimia
1976 1166 2155 1225 elatio
2197 1174 2376 1245 atque
2405 1165 2657 1224 altitudo
2691 1186 2823 1225 ora·

455 1269 639 1329 tionis
685 1268 986 1327 deminuta
1032 1274 1137 1326 est.

624 1369 686 1447 β)
750 1379 876 1429 tum
957 1370 1268 1430 sublimius
1337 1371 1570 1430 dicendi
1648 1390 1853 1444 genus,
1928 1390 2043 1450 quo
2116 1390 2549 1449 nonnunquam
2617 1371 2821 1451 quivis

454 1481 633 1552 poeta
676 1474 883 1534 utitur.

624 1576 682 1655 y)
730 1596 927 1656 neque
988 1577 1187 1635 minus
1251 1576 1413 1637 valet
1473 1576 1785 1636 translatio
1847 1577 1911 1635 in
1958 1577 2502 1654 comparationibus
2548 1597 2584 1635 a
2628 1579 2821 1655 poetis

454 1680 774 1753 adhibitis,
841 1700 992 1759 quae
1053 1699 1281 1738 summa
1325 1679 1509 1738 animi
1556 1678 1893 1738 subtilitate
1945 1681 2321 1753 excogitatae
2367 1688 2548 1760 atque
2594 1701 2821 1740 summo

455 1783 711 1843 artificio
757 1786 1058 1860 perfectae
1106 1790 1264 1843 sunt.

627 1888 681 1962 o)
702 1887 763 1966 α)
783 1892 960 1962 poeta
991 1886 1249 1946 comicus
1281 1905 1568 1964 persaepe
1589 1886 1755 1945 addit
1789 1886 2070 1946 subiectis
2105 1886 2191 1944 rei
2221 1886 2420 1958 verba,
2455 1904 2606 1964 quae
2638 1887 2823 1945 actio-

455 2011 591 2049 nem
637 1991 993 2063 signifioant,
1050 2008 1200 2068 quae
1233 1991 1307 2047 ab
1342 1988 1688 2048 hominibus
1725 1989 1865 2048 solis
1897 1988 2087 2066 possit
2132 1989 2311 2062 effici,
2347 1988 2431 2046 ita
2477 1995 2543 2048 ut
2580 2010 2650 2048 ea
2692 1990 2824 2065 ipsa

456 2113 521 2153 re
566 2096 757 2152 facete
803 2093 962 2151 diota
1007 2092 1185 2163 fiant;
1232 2094 1306 2151 cf.
1359 2091 1552 2151 Plaut.
1602 2092 1727 2153 Mil.
1764 2092 1913 2166 glor.
1958 2114 2013 2155 v.
2049 2098 2127 2149 49
2160 2141 2173 2154 .
2208 2136 2221 2149 .
2262 2136 2276 2151 .
2309 2135 2326 2152 .
2359 2092 2512 2151 offae
2557 2100 2820 2153 monent.

627 2194 690 2273 β)
737 2196 943 2255 eodem
985 2197 1113 2254 fere
1158 2195 1332 2254 modo
1380 2214 1809 2274 nonnunquam
1853 2195 2060 2255 existit
2090 2193 2277 2253 nimia
2311 2194 2586 2254 veritatis
2628 2201 2822 2257 trans-

453 2299 618 2373 latio,
668 2318 818 2378 quae
861 2304 1098 2377 poetam
1144 2298 1432 2357 comicum
1477 2298 1721 2357 redolet.

625 2401 686 2481 y)
733 2402 974 2461 tertium
1022 2402 1280 2481 denique
1328 2401 1739 2479 exemplorum
1772 2421 1959 2476 genus
2003 2409 2217 2479 poetae
2260 2402 2469 2462 comici
2516 2402 2825 2480 proprium

457 2512 568 2580 est,
615 2506 830 2586 quibus
894 2505 1256 2579 tragicorum
1313 2525 1478 2564 more
1523 2504 1837 2579 magnifice
1901 2505 2153 2584 loquens
2213 2506 2366 2564 sales
2413 2507 2671 2564 sermoni
2718 2526 2822 2565 suo

457 2630 771 2687 aspergere
819 2610 1035 2668 studet.

629 2716 809 2791 atque
851 2711 1030 2770 huius
1089 2711 1325 2791 quidem
1388 2710 1592 2769 classis
1638 2710 1970 2770 locutiones
2028 2713 2184 2788 apud
2231 2712 2572 2772 Ciceronem
2618 2711 2826 2787 legun·

458 2822 573 2889 tur,
619 2815 721 2874 ubi
770 2814 1078 2874 elatiorem
1122 2833 1455 2873 sermonem
1501 2819 1719 2891 captat.

719 2951 780 3027 a)
826 2950 1093 3011 subiecta
1136 2951 1445 3025 leguntur:

636 3073 857 3134 corpus,
904 3051 1239 3131 membrum,
1287 3057 1473 3132 caput,
1520 3050 1734 3131 lingua,
1780 3051 1995 3132 oculus,
2040 3071 2258 3132 nasum,
2304 3054 2490 3114 auris:

460 3160 581 3219 vid.
630 3158 869 3218 Afranii
916 3156 1291 3233 Emancipati
1336 3177 1395 3217 v.
1439 3158 1513 3215 77
1565 3154 1710 3234 [sic]
1758 3158 2014 3216 sollicito
2062 3158 2238 3216 corde
2283 3177 2496 3234 corpus
2545 3179 2659 3218 non
2709 3180 2826 3236 po·

461 3263 675 3323 titur
709 3281 869 3321 nuno
914 3260 1085 3337 quie;
1132 3294 1214 3303 -
1261 3259 1404 3319 Acci
1451 3259 1895 3338 Alphesiboeae
1938 3281 1994 3321 v.
2044 3261 2116 3319 71
2180 3260 2267 3320 ita
2312 3260 2523 3320 territa
2566 3262 2829 3320 membra

462 3366 660 3425 animo
707 3368 950 3438 aegroto
991 3363 1001 3441 Ι
1040 3361 1500 3440 cunctantl)
1546 3362 1911 3422 sufferre
1956 3363 2254 3436 laborem3
2284 3396 2369 3407 -—
2399 3364 2594 3426 Plaut.
2629 3364 2825 3422 Aulul.

462 3490 523 3529 v.
572 3472 692 3527 425
743 3512 755 3525 .
792 3512 807 3527 .
841 3512 856 3527 .
889 3510 902 3523 .
951 3465 997 3523 si
1046 3466 1160 3524 hoc
1203 3470 1382 3541 caput
1426 3466 1726 3538 sentit3
1793 3502 1858 3510 —
1928 3510 1964 3539 „
2009 3466 2160 3528 Rud.
2208 3487 2265 3526 v.
2323 3471 2478 3524 1355
2527 3488 2691 3526 meus
2735 3487 2825 3526 ar·

463 3571 779 3643 bitratust,
842 3568 1049 3642 lingua
1110 3569 1268 3647 quod
1328 3568 1546 3628 iuret
1607 3588 1770 3642 mea;
1832 3604 1916 3611 —
1974 3570 2209 3628 Terent.
2257 3570 2478 3648 Hecyr.
2526 3571 2595 3644 V,
2648 3576 2700 3643 1,
2748 3576 2826 3628 35

463 3673 699 3735 facilem
744 3671 1207 3749 benivolumque
1250 3671 1460 3745 lingua
1505 3679 1607 3731 tua
1651 3673 1762 3730 tibi
1810 3693 1903 3730 me
1947 3672 2328 3748 reddidit3
2362 3709 2446 3717 —
2492 3675 2656 3734 Sext.
2682 3673 2829 3731 Tur-

467 3777 571 3854 pil.
618 3776 797 3835 Paed.
842 3794 900 3835 v.
938 3778 1055 3832 159
1105 3779 1303 3833 tamen
1351 3775 1539 3833 oculis
1583 3775 1764 3849 longa
1806 3776 2254 3853 intercapedine
2299 3778 2687 3855 adpetunt
2731 3800 2830 3839 cu-

467 3881 605 3959 pide
649 3875 979 3954 intui²);
1031 3911 1114 3920 —
1159 3878 1353 3937 Plaut.
1399 3878 1528 3937 Mil.
1559 3878 1708 3953 glor.
1740 3898 1794 3942 v.
1829 3883 1951 3936 369
2001 3878 2103 3958 qui
2144 3879 2351 3957 (oculi)
2383 3881 2518 3959 plus
2551 3884 2832 3943 vident

610 4087 658 4146 1)
698 4086 855 4131 forma
890 4084 1055 4131 activa
1093 4082 1383 4144 deponentis
1419 4083 1561 4130 verbi
1589 4083 1878 4141 ‚,cunctari“
1904 4084 2122 4132 subiecto
2147 4085 2217 4132 rei
2243 4085 2413 4132 addita
2434 4087 2716 4133 adnotanda
2739 4093 2830 4136 est.

609 4170 660 4234 2)
697 4172 852 4218 oculis
887 4170 1031 4230 libri3
1070 4183 1218 4229 quam
1253 4168 1548 4217 nominativi
1584 4170 1793 4217 formam
1828 4169 2130 4220 Ribbeckius
2166 4171 2383 4220 retinuit.
