3244 4792
1396 174 1824 239 --4().-

600 350 837 420 praeter
897 345 1176 405 Catonem
1240 356 1445 423 postea
1506 351 1709 407 eadem
1775 350 1846 407 de
1904 349 2150 407 materia
2195 349 2320 423 egit
2361 349 2571 408 Varro,
2659 367 2795 406 con-

430 446 668 522 scripsit
711 448 866 505 enim
914 468 1108 506 rerum
1156 449 1502 508 rusticarum
1553 450 1736 510 libros
1781 458 1920 510 tres.
2004 451 2064 509 in
2113 451 2332 530 quibus
2362 456 2597 526 praeter
2627 450 2796 508 Cato-

431 549 639 607 nianas
700 550 920 609 multae
977 549 1125 609 aliae
1194 553 1455 611 eiusdem
1511 554 1666 611 modi
1728 553 2060 613 locutiones
2122 562 2354 629 praesto
2416 560 2582 625 sunt,
2647 571 2796 631 quae

431 654 691 711 maxima
746 674 823 712 ex
880 661 1045 729 parte
1105 655 1324 714 maiore
1370 656 1822 715 translationum
1868 659 2114 716 audacia
2156 665 2415 715 nostram
2463 656 2796 714 admiratio-

430 777 567 815 nem
616 767 876 830 movent,
922 757 1005 816 ita
1051 765 1115 816 ut
1158 759 1273 817 iam
1322 778 1549 817 summa
1593 779 1794 818 eorum
1843 760 2243 837 discrepantia
2285 761 2522 818 existat.

604 896 674 953 ad
722 914 873 974 quos
917 895 1167 953 aliorum
1212 897 1482 955 ordinum
1529 916 1831 955 semones
1875 897 2125 955 addendi
2158 903 2313 970 sunt,
2359 902 2428 955 ut
2456 916 2646 955 sermo
2679 916 2798 953 me-

433 998 715 1070 dicorum,
762 1005 1090 1072 nautarum,
1136 999 1407 1071 militum,
1455 1006 1863 1072 mercatorum,
1912 1001 2295 1071 sacerdotum,
2339 1020 2627 1074 augurum
2658 1007 2797 1071 etc.;

436 1120 583 1180 quos
628 1121 769 1160 vero
816 1101 1174 1174 enumeravi,
1220 1102 1378 1161 inter
1424 1122 1734 1161 numerum
1780 1122 1982 1162 eorum
2029 1103 2284 1160 habendi
2329 1107 2486 1175 sunt,
2532 1103 2603 1159 ad
2651 1121 2799 1179 quos

434 1203 607 1262 nobis
653 1204 907 1261 maxime
953 1213 1044 1262 est
1086 1204 1540 1280 respiciendum,
1588 1206 1868 1283 quoniam
1914 1205 1999 1263 eis
2044 1205 2262 1264 multae
2307 1205 2514 1264 insunt
2553 1204 2800 1263 locutio-

437 1325 558 1378 nes,
607 1324 756 1384 quae
804 1306 1077 1364 omnibus
1126 1319 1299 1365 notae
1344 1307 1405 1364 in
1453 1328 1564 1365 usu
1609 1314 1780 1366 erant
1822 1306 2326 1387 frequentissimo,
2373 1307 2459 1366 ita
2501 1314 2569 1365 ut
2598 1327 2802 1365 omnes

436 1426 536 1467 eas
578 1407 643 1465 in
688 1408 908 1483 scripta
952 1410 1215 1484 recipere
1261 1430 1379 1468 non
1428 1410 1787 1469 dubitarent.

611 1565 762 1625 quae
808 1566 938 1605 eum
985 1546 1070 1605 ita
1114 1547 1260 1620 sint,
1324 1549 1617 1605 neminem
1665 1548 1915 1606 fortasse
1959 1549 2182 1621 fugiet,
2244 1567 2338 1606 me
2394 1569 2512 1606 non
2559 1549 2673 1607 huc
2717 1557 2801 1607 at·

436 1648 645 1707 tulisse
692 1668 1021 1707 sermonem
1068 1648 1331 1709 virorum
1365 1651 1669 1709 doctorum
1700 1650 1775 1727 ¹).
1839 1652 1996 1729 quod
2043 1670 2161 1709 non
2210 1652 2339 1710 sine
2385 1671 2560 1710 causa
2604 1653 2802 1711 fiebat.

439 1770 696 1829 namque
741 1751 800 1808 in
834 1761 1116 1828 promptu
1155 1761 1260 1824 est,
1307 1754 1447 1811 inde
1480 1774 1598 1812 non
1634 1763 1898 1829 sumptas
1929 1773 2057 1813 esse
2095 1774 2130 1812 a
2160 1755 2547 1830 scriptoribus
2577 1756 2804 1831 priscae

440 1855 1047 1914 Latinitatis.di0endi
1078 1857 1377 1926 formulas,
1424 1876 1556 1915 cum
1602 1858 1892 1916 sermonis
1939 1857 2258 1932 primordia
2302 1858 2372 1913 ad
2419 1857 2803 1933 posteriorem

439 1964 695 2016 aetatem
756 1958 886 2033 ipsa
946 1958 1257 2015 referenda
1318 1959 1456 2029 sint,
1517 1960 1797 2036 quoniam
1845 1959 2244 2017 Romanorum
2302 1960 2546 2033 ingenia
2588 1979 2623 2016 a
2668 1961 2803 2018 sub-

442 2061 639 2120 tiliore
686 2059 1017 2119 litterarum
1062 2071 1245 2140 atque
1292 2062 1592 2120 doctrinae
1639 2063 1832 2120 studio
1867 2063 2109 2119 omnino
2142 2063 2559 2121 abhorrebant.
2605 2063 2806 2140 itaque

443 2161 731 2223 eiusmodi
777 2163 1067 2221 formulae
1113 2184 1231 2221 uno
1277 2165 1584 2243 alteroque
1632 2164 1906 2239 exemplo
1947 2171 2214 2239 except0,
2264 2166 2420 2243 quod
2454 2167 2805 2240 scriptorum

447 2274 554 2337 est,
601 2266 704 2345 qui
749 2266 865 2323 iam
911 2271 1168 2324 exeunte
1225 2268 1451 2341 priscae
1496 2267 1838 2326 Latinitatis
1883 2274 2075 2325 aetate
2120 2267 2447 2339 florebant,
2489 2274 2558 2326 ut
2599 2272 2808 2342 postea

446 2370 796 2444 videbimus,
843 2388 1132 2449 nusquam
1179 2369 1292 2429 nisi
1340 2370 1401 2429 in
1447 2369 1636 2443 libris,
1685 2370 1786 2449 qui
1832 2370 1894 2428 in
1927 2368 2256 2429 litterarum
2292 2371 2644 2430 tractatione
2675 2388 2808 2427 ver-

447 2479 671 2546 santur,
718 2474 889 2531 nobis
934 2479 1268 2531 occurrunt.
1345 2492 1494 2552 quos
1539 2474 1771 2531 demum
1818 2472 2170 2548 conscripsit
2199 2472 2406 2546 Varro,
2452 2492 2804 2552 quamquam

447 2577 657 2638 Aelius
687 2576 855 2648 Stilo,
901 2576 1181 2650 magister
1225 2576 1369 2649 eius,
1415 2576 1508 2634 his
1551 2577 1614 2633 in
1662 2577 2087 2650 componendis
2131 2576 2184 2634 ei
2230 2577 2424 2635 fuerat
2452 2576 2806 2650 exemplum,

449 2688 511 2746 et
554 2682 625 2738 de
671 2679 1021 2758 quibusdam
1067 2677 1515 2758 quaestionibus
1559 2685 1699 2737 ante
1746 2698 1880 2737 eum
1924 2678 2040 2736 iam
2085 2679 2186 2737 alii
2232 2685 2508 2754 egerant,
2556 2697 2805 2758 quorum

449 2784 689 2843 nomina
735 2804 852 2842 nou
901 2791 1040 2841 sunt
1084 2782 1406 2841 notissima.

620 2905 776 2983 quod
839 2923 980 2962 vero
1037 2902 1099 2960 in
1161 2902 1502 2962 universum
1568 2903 1639 2961 de
1704 2922 1973 2961 sermone
2035 2902 2298 2962 virorum
2355 2903 2659 2960 doctorum
2706 2921 2807 2959 ex-

449 3008 650 3084 posui,
731 3007 985 3064 maximc
1046 3007 1308 3081 pertinet
1367 3007 1438 3063 ad
1499 3004 1988 3083 philosophorum
2055 3005 2285 3064 dicendi
2349 3025 2553 3076 usum,
2631 3023 2806 3082 quem

449 3112 651 3171 Cicero
697 3112 929 3168 demum
975 3114 1113 3187 post
1141 3108 1418 3180 Ennium,
1450 3108 1811 3181 Lucretium,
1859 3108 2005 3167 alios
2039 3107 2303 3167 excoluit
2332 3115 2510 3186 atque
2542 3107 2809 3183 perfecit.

618 3238 878 3291 attamen
942 3231 1059 3287 iam
1125 3230 1280 3306 apud
1337 3228 1613 3288 Plautum
1694 3230 1963 3310 aliosque
2021 3229 2401 3304 reperiuntur
2458 3228 2808 3307 quibusdam

449 3335 612 3407 locis,
673 3334 774 3391 ubi
837 3333 1032 3407 agitur
1091 3333 1163 3390 de
1209 3331 1699 3407 philosophorum
1746 3332 2096 3407 praeceptis,
2142 3331 2500 3403 locutiones,
2562 3351 2808 3409 quarum

450 3439 748 3497 licentiam
797 3456 986 3493 sermo
1033 3441 1262 3493 tantum
1309 3434 1759 3511 philosophicus
1805 3435 1927 3509 pati
1974 3441 2189 3510 potest.
2278 3452 2355 3490 ex
2400 3435 2616 3512 quibus
2660 3434 2812 3492 nihil

450 3543 521 3600 de
567 3545 692 3599 toto
739 3539 972 3597 dicendi
1019 3558 1129 3595 usu
1175 3536 1446 3596 conicere
1490 3536 1647 3596 licet.
1723 3558 1855 3594 nam
1903 3537 2147 3595 minima
2189 3537 2281 3596 vis
2326 3543 2505 3615 atque
2549 3542 2812 3612 potestas

592 3833 643 3890 1)
678 3829 813 3876 viros
848 3829 970 3876 iuris
1006 3829 1258 3876 consultos
1294 3832 1343 3875 et
1377 3828 1658 3875 sacerdotes
1711 3833 1758 3875 et
1793 3842 2006 3887 augures
2041 3827 2239 3886 quidem
2273 3842 2362 3887 per
2399 3843 2452 3874 se
2487 3833 2693 3887 apparet
2722 3828 2810 3888 ‚ad-

449 3917 780 3965 numerandos
816 3931 923 3964 esse
959 3916 1079 3962 viris
1115 3915 1305 3977 doctis3
1341 3919 1557 3962 attamen
1594 3915 1688 3961 hac
1721 3919 1825 3961 tota
1861 3914 2079 3961 virorum
2116 3915 2370 3961 doctorum
2407 3914 2649 3961 sermonis
2681 3928 2812 3960 eom-

450 4002 751 4050 mentatione
804 4016 903 4062 eos·
941 4002 1162 4061 excipio,
1217 4003 1306 4048 etsi
1344 4005 1514 4060 postea
1568 4001 1618 4048 in
1656 4001 2003 4048 enumerandis
2039 4000 2281 4060 exemplis
2316 4015 2401 4047 eos
2437 4015 2609 4048 omnes
2643 4000 2695 4046 in
2726 4015 2813 4046 no·

449 4091 633 4137 tionem
670 4089 889 4135 virorum
925 4089 1179 4135 doctorum
1217 4088 1646 4147 comprehendam,
1701 4094 1753 4133 ut
1789 4088 1955 4134 omnia
1990 4088 2110 4135 haec
2146 4087 2373 4146 exempla
2407 4085 2499 4133 sub
2538 4100 2639 4133 uno
2674 4086 2815 4146 quasi

449 4181 653 4236 aspectu
686 4188 883 4235 ponam.
