3244 4792
1347 202 1773 265 -21—

555 365 827 430 libertas:

381 473 574 533 Plaut.
599 473 780 533 Stich.
801 473 917 532 571
954 474 1200 552 vapulat
1233 476 1548 552 peculium3
1581 484 1850 552 actumst,
1884 479 2097 555 fugit
2129 482 2243 540 hoc
2279 480 2521 540 libertas
2552 488 2746 558 caput.

590 608 766 671 ratia:

381 628 587 774 Plauti
625 713 888 775 Trinum.
952 720 1030 773 36
1098 717 1182 775 ita
1240 717 1371 777 vin
1392 722 1578 778 cunt
1634 718 1781 777 illud
1843 719 2212 780 conducibile
2271 722 2486 795 grati
2510 741 2615 791 ae;
2666 755 2747 764 —

298 889 302 892 ⁴
378 816 523 876 ibid.
551 821 629 875 38
678 836 707 874 r
725 835 756 875 e
772 838 828 875 m
851 837 883 876 o
902 837 932 876 r
949 836 984 875 a
1001 839 1055 876 m
1081 840 1120 898 q
1142 839 1180 877 u
1202 838 1233 878 e
1279 820 1353 878 fa
1369 840 1399 880 c
1416 820 1435 878 i
1454 841 1492 878 u
1511 826 1594 881 nt
1633 821 1718 880 rei
1750 820 2018 898 privatae
2053 829 2113 883 et
2143 825 2416 900 publicae
2452 824 2745 902 (gratiae).

550 951 860 1032 pernicitas
878 975 890 1012 :
1619 1033 1626 1037 -

379 1058 570 1118 Plaut.
615 1058 987 1118 Menaechm.
1040 1058 1160 1117 756
1206 1079 1342 1118 nam
1390 1061 1712 1137 pernicitas
1758 1063 1792 1120 d
1810 1083 1842 1123 e
1858 1083 1886 1122 s
1903 1083 1935 1122 e
1952 1083 1982 1122 r
1998 1063 2017 1121 i
2036 1069 2077 1124 t.

551 1191 841 1255 industria
860 1217 872 1254 :

379 1299 497 1358 Cic.
545 1318 629 1357 or.
686 1302 775 1359 18.
827 1303 902 1356 58
968 1320 1084 1378 quo
1150 1301 1338 1376 magis
1400 1306 1670 1361 naturam
1730 1304 1934 1362 ducem
1980 1304 2052 1361 ad
2098 1303 2329 1362 aurium
2373 1304 2744 1380 voluptatem
2789 1292 2792 1293 ⁷

381 1409 758 1481 sequatur
801 1401 1109 1462 industria.

550 1536 911 1614 eloquentia:

378 1643 497 1703 Cic.
545 1662 626 1701 or.
675 1647 772 1701 28.
823 1644 902 1701 97
949 1644 1096 1702 haec
1142 1642 1535 1722 (eloquentia)
1597 1647 1770 1704 modo
1816 1644 2277 1722 perfringit
2321 1646 2493 1704 modo
2540 1646 2744 1705 irre-

376 1746 495 1822 pit
538 1746 602 1804 in
647 1765 870 1804 sensus.

546 1880 979 1946 immortalitas:

375 1988 495 2046 Cic.
541 1987 692 2046 Sest.
726 1991 825 2045 68.
868 1992 978 2044 143
1026 1987 1211 2047 vitam
1257 1987 1384 2046 eius
1430 1995 1490 2048 et
1531 1987 1815 2049 virtutem
1862 1988 2272 2049 immortalitas
2317 1989 2743 2065 excepisse

373 2090 626 2151 videtur.

547 2224 824 2287 solitudo:
1029 2313 1032 2316 ἡ

373 2330 493 2390 Cic.
541 2331 674 2389 Fin.
725 2329 795 2390 V.
846 2337 901 2390 3.
952 2337 986 2389 8
1035 2331 1169 2390 dat
1213 2331 1372 2391 enim
1415 2331 1475 2391 id
1521 2333 1697 2392 nobis
1742 2332 2015 2392 solitudo.

545 2466 799 2529 utilitas:

375 2570 495 2631 Cic.
543 2571 658 2632 Off.
706 2575 755 2633 Ῑ.
804 2579 862 2635 3.
911 2578 946 2630 9
996 2593 1126 2631 eum
1173 2572 1331 2631 enim
1377 2572 1603 2633 utilitas
1646 2574 1719 2632 ad
1765 2591 1828 2632 se
1872 2593 2157 2649 rapere
2202 2573 2455 2635 videtur.

779 2732 1048 2788 adnot.:

548 2867 800 2929 neque
844 2849 1220 2908 hocloco
1267 2847 1540 2907 aliena
1584 2851 1774 2907 sunt
1817 2849 2012 2908 haec
2055 2848 2369 2908 nomina

688 2967 745 3046 l)
790 2969 1210 3030 virtutum:

547 3087 682 3150 obse
726 3086 919 3149 nium:

373 3192 607 3254 Terent.
652 3108 836 3254 Aqndr.
868 3195 917 3265 I,
968 3197 1021 3271 1,
1069 3197 1143 3252 41
1197 3191 1546 3272 obsequium
1593 3190 1832 3265 amicoS,
1876 3191 2099 3252 veritas
2146 3191 2346 3250 odium
2393 3192 2625 3269 parit.

547 3327 857 3389 munditia:

373 3432 493 3493 Cic.
542 3433 657 3492 off.
701 3433 752 3494 Ι.
801 3438 899 3494 36.
950 3437 1069 3492 139
1117 3433 1458 3512 (munditia)
1504 3452 1657 3513 quae
1701 3432 1972 3508 fugiet
2016 3436 2310 3508 agrestem
2355 3437 2417 3492 et
2460 3432 2733 3491 inhuma-

372 3555 511 3595 nam
555 3536 996 3612 negligentiam.

541 3669 779 3751 iustitia‚
824 3670 1126 3735 severitas:

373 3777 493 3835 cic.
543 3775 658 3835 off.
703 3777 790 3838 ΙΙ.
837 3782 893 3837 9.
941 3782 1021 3836 34
1080 3778 1259 3856 quam'
1317 3778 1392 3836 ob
1452 3796 1579 3836 rem
1636 3776 2071 3852 intelligentiae
2124 3776 2353 3835 iustitia
2397 3776 2733 3852 coniuncta,

373 3884 662 3958 quantum
721 3880 976 3953 volet,
1039 3880 1406 3953 habebit;
1467 3914 1548 3923 —-
1609 3879 1752 3939 ibid.
1803 3880 1853 3937 I.
1906 3883 2002 3938 19.
2052 3883 2130 3937 62
2194 3878 2243 3939 si
2288 3878 2520 3939 iustitia
2562 3885 2735 3941 vacat

371 3987 833 4062 pugnatque
879 4003 998 4042 non
1046 4003 1153 4060 pro
1199 3984 1389 4043 salute
1435 3982 1748 4055 communi,
1796 3983 1897 4040 sed
1945 4001 2052 4056 pro
2098 3982 2219 4041 suis
2264 3983 2584 4042 commodis
2600 4003 2615 4052 ;
2648 4015 2731 4024 -—

371 4104 465 4163 ep.
525 4086 597 4143 ad
642 4086 808 4150 Brut.
853 4086 906 4146 Ι.
968 4092 1023 4149 2.
1073 4089 1106 4144 5
1170 4086 1444 4146 salutaris
1503 4085 1790 4146 severitas
1847 4084 2114 4146 vincit
2176 4084 2412 4143 inanem
2475 4084 2732 4161 speciem

374 4188 738 4248 clementiae.
