3244 4792
1498 178 1922 247 *15*

676 354 740 435 3)
786 356 997 416 aliae
1044 358 1418 437 quaedam
1464 356 1848 417 notiones
1893 359 2638 428 commemorantur,
2700 372 2899 434 quae

786 478 1179 536 personae
1225 463 1415 519 sunt
1458 460 1903 535 cogitatam

740 596 919 640 cena:

531 685 654 744 Cat.
700 598 737 742 Ξ
779 685 881 743 lib.
929 684 1000 743 de
1044 702 1110 742 re
1153 683 1360 745 milit:
1405 702 1535 742 cum
1583 703 1777 758 poena
1821 683 2020 743 statim
2067 688 2458 763 sequatur
2502 702 2780 743 errorem.

703 816 942 881 seditio:

532 924 684 984 Enn.
747 924 1196 985 Andromachae
1256 923 1524 983 aichmal.
1582 943 1639 984 v.
1689 929 1768 982 68
1830 924 1972 1002 quid
2035 923 2144 984 fit?
2234 923 2446 983 seditio
2510 924 2751 982 tabetne
2820 942 2898 982 an

531 1045 810 1086 numeros
851 1027 1251 1102 augificat
1295 1025 1471 1086 suos?

700 1160 942 1224 veritas:

533 1267 770 1327 Terent.
815 1269 1003 1327 Andr.
1052 1270 1101 1340 Ι,
1154 1272 1181 1326 1
1233 1272 1310 1326 41
1362 1269 1713 1348 obsequium
1759 1269 1996 1342 amicos,
2040 1268 2262 1330 veritas
2308 1268 2507 1327 odium
2550 1267 2788 1343 parit.

701 1402 1088 1465 existi-atio:

531 1509 670 1568 Var.
717 1513 825 1568 sat.
874 1510 1094 1585 Menip.
1142 1508 1579 1583 „Eumenides“
1632 1508 1748 1568 147
1796 1510 2089 1568 Forenses
2148 1509 2505 1585 decernunt,
2564 1513 2631 1568 ut
2690 1506 2899 1567 existi-

533 1611 710 1671 matio
757 1631 971 1671 nomen
1018 1630 1214 1670 meum
1258 1613 1319 1670 in
1367 1631 1642 1671 sanorum
1688 1631 2000 1671 numerum
2046 1612 2375 1671 referat.

535 1853 654 1913 Cic.
701 1852 847 1913 Her.
892 1853 996 1927 IV,
1046 1858 1102 1927 2,
1150 1859 1184 1911 3
1235 1873 1386 1932 quae
1433 1872 1527 1912 ars
1571 1853 1883 1927 iubeat3
1931 1886 2012 1896 —
2044 1899 2079 1926 „
2112 1854 2263 1911 Mur.
2302 1856 2397 1925 14,
2435 1857 2512 1911 30
2562 1853 2709 1911 duae
2756 1858 2897 1911 sunt

531 1961 706 2029 artes,
753 1974 904 2035 quae
936 1960 1187 2032 possunt
1230 1957 1498 2015 locare
1543 1957 1817 2015 homines
1864 1957 1924 2013 in
1959 1955 2320 2033 amplissimo
2356 1955 2539 2029 gradu
2572 1955 2898 2030 dignitatis.

704 2090 1042 2153 consiliu-z

534 2242 570 2270 „
613 2196 761 2273 Rep.
808 2198 858 2270 Ι,
907 2201 1005 2269 38,
1054 2202 1132 2254 60
1180 2197 1428 2256 consilio
1473 2202 1670 2257 autem
1719 2195 2192 2256 dominante.

704 2315 917 2376 iniuria
934 2335 947 2374 :

534 2466 568 2495 „
614 2421 902 2480 Paradox.
951 2420 1034 2494 11,
1085 2424 1158 2480 18
1207 2441 1358 2500 quae
1404 2421 1707 2500 (iniuriae)
1753 2421 2049 2496 suspirare
2094 2421 2281 2478 libere
2330 2441 2445 2480 non
2494 2421 2797 2478 sinunt.

703 2557 954 2601 merces:

536 2691 568 2719 „
616 2645 798 2705 Acad.
844 2644 1020 2719 frgm.
1065 2643 1132 2702 le
1151 2663 1189 2701 ιι
1208 2664 1241 2702 o
1262 2642 1387 2702 cin
1407 2661 1491 2700 an
1508 2647 1581 2702 te
1626 2642 1913 2703 mercede.

676 2831 748 2910 B)
794 2828 1095 2896 Subiecta
1154 2834 1311 2894 sunt
1365 2830 1784 2908 substantiva,
1847 2851 2012 2912 quae
2055 2834 2294 2895 statum
2335 2831 2435 2896 vel
2476 2832 2896 2896 conditionem

793 2939 984 3016 atque
1029 2933 1331 3013 affectum
1373 2934 1760 3017 siqnificant,
1808 2954 1973 3014 quae
2007 2935 2337 3015 pertinere
2381 2936 2684 2999 videntur

705 3039 765 3116 a)
808 3042 893 3099 ad
939 3059 1360 3115 personam
1408 3040 1655 3115 ipsam
1703 3040 2062 3101 hominis.

535 3150 675 3203 sunt
720 3144 994 3222 quidem:

705 3259 1100 3324 adulescentia
1116 3282 1128 3319 :

535 3366 771 3425 Terent.
817 3366 1035 3424 Heaut.
1080 3364 1232 3426 Tim.
1279 3366 1358 3437 ΙΙ,
1414 3370 1461 3437 l,
1512 3370 1547 3423 3
1586 3409 1599 3422 .
1635 3410 1689 3425 ..
1728 3412 1740 3424 .
1789 3386 1935 3446 quas
1981 3369 2145 3426 fert
2189 3361 2602 3422 adulescentia.

702 3481 1062 3544 iuvenilitas:

535 3588 672 3647 Var.
720 3593 828 3647 sat.
876 3588 1100 3663 Menip.
1145 3588 1510 3659 „Tithonus“
1556 3588 1720 3667 [περι
1766 3588 1988 3667 γηρως]
2042 3592 2157 3645 545
2225 3604 2400 3663 quam
2448 3582 2894 3663 dereliquit

536 3690 921 3767 multicupida
965 3690 1322 3751 iuvenilitaS.

705 3813 891 3870 aetas:

537 3916 753 3973 Pacuv.
804 3914 961 3972 Medi
1008 3933 1065 3973 v.
1097 3919 1236 3987 241,
1284 3919 1319 3971 2
1368 3916 1466 3973 sed
1515 3915 1656 3992 quid
1705 3911 2045 3989 conspicio?
2094 3933 2229 3970 num
2277 3933 2370 3971 me
2416 3914 2735 3973 lactans
2781 3910 2895 3971 cal-

535 4017 696 4076 vitur
739 4016 1014 4089 aetas¹);
1068 4052 1144 4059 -
1192 4016 1424 4075 Terent.
1456 4018 1643 4075 Andr.
1669 4020 1719 4093 Ι,
1757 4021 1781 4074 1
1824 4017 1900 4075 27
1952 4018 2088 4074 dum
2136 4022 2313 4088 aetas,
2360 4023 2569 4089 metus,
2618 4015 2895 4090 magister

680 4191 730 4250 1)
766 4192 902 4234 aetas
938 4185 1065 4244 libri,
1102 4186 1278 4233 Aeetes
1318 4186 1578 4247 Bergkius.
