3244 4792
1392 190 1776 253 -8-

400 366 532 424 alia.
593 366 847 442 primum
895 365 1134 444 quidem
1177 385 1298 424 non
1341 383 1530 441 pauca
1573 363 1801 440 primae
1845 362 2283 438 coniugationis
2313 361 2576 422 eiusdem
2605 362 2766 421 modi

401 475 556 547 sunt,
594 474 662 528 ut
703 488 930 540 sonare,
977 474 1203 540 tonare,
1250 486 1491 544 crepare
1537 472 1669 539 etc.,
1727 474 1788 526 et
1849 465 2136 524 nonnulla
2196 472 2442 544 quartae
2485 465 2765 540 coniuga-

400 571 598 643 tionis,
644 572 763 632 vid.
793 571 1031 643 tinnire,
1079 569 1338 644 hinnire,
1383 570 1617 642 mutire,
1665 568 1812 641 sim„
1859 588 2010 648 quae
2033 570 2219 628 verba
2248 554 2593 645 saepissime
2623 587 2765 626 ono·

400 674 735 750 matopoeia
779 683 988 733 exorta
1031 679 1188 733 sunt.
1278 672 1536 752 denique
1588 674 1707 731 huc
1749 672 2061 731 referenda
2121 678 2260 731 sunt
2315 669 2500 735 verba
2555 670 2768 730 tertiae

401 776 621 850 classis,
666 784 734 836 ut
775 777 983 850 fluere,
1027 796 1219 850 ruere,
1265 795 1454 835 urere.
1546 777 1648 834 sed
1697 794 1815 833 non
1862 780 1954 834 est
1998 774 2406 846 omittendum,
2473 792 2543 832 ea
2585 774 2770 834 verba

400 898 686 956 persaepe
731 881 909 940 etiam
952 881 1171 938 habere
1214 878 1467 938 actionis
1511 878 1836 951 notionem,
1882 878 1955 937 cf.
1999 897 2189 954 ruere,
2236 895 2427 950 urere,
2474 877 2604 936 sim.

573 983 692 1040 iam
724 1002 863 1043 vero
895 988 1263 1041 transeamus
1292 983 1366 1040 ad
1398 1001 1468 1041 ea
1495 983 1698 1054 verba,
1732 1000 1883 1060 quae
1917 986 2134 1041 statum
2168 979 2511 1059 quiescendi
2542 979 2768 1055 signifi-

402 1091 571 1157 cant,
629 1092 698 1144 ut
741 1086 1032 1161 pendere,
1093 1085 1306 1157 virere,
1363 1084 1598 1156 callere,
1659 1085 1892 1156 florere,
1953 1083 2163 1156 iacere,
2223 1083 2475 1155 madere,
2536 1082 2609 1143 al.
2654 1083 2771 1141 huc

401 1187 833 1267 antiquissimis
892 1188 1262 1263 temporibus
1305 1187 1513 1246 Haasii
1573 1186 1858 1264 opinione
1903 1186 2286 1263 pertinebant
2328 1185 2527 1244 omnia
2568 1186 2771 1255 verba,

405 1309 558 1371 quae
589 1291 845 1349 secunda
873 1291 1197 1350 flectuntur
1226 1290 1666 1365 coniugatione.
1741 1290 1842 1349 sed
1874 1289 2072 1366 pergit
2101 1288 2315 1348 deinde
2345 1287 2600 1347 Haasius
2628 1287 2672 1347 1.
2696 1288 2772 1347 1.:

403 1394 716 1468 „dennoch
760 1394 1002 1452 konnen
1048 1394 1134 1453 sie
1164 1394 1447 1453 meistens
1477 1393 1653 1452 einen
1685 1393 1984 1453 accusativ
2014 1393 2368 1464 annehmen,
2413 1391 2527 1452 wie
2558 1390 2771 1450 callere

405 1496 650 1576 aliquid,
694 1497 959 1569 horrere,
1005 1501 1264 1572 stupere,
1309 1496 1474 1570 flere,
1520 1495 1739 1557 dolere.
1814 1515 1878 1555 so
1923 1496 2003 1555 ist
2048 1513 2110 1554 es
2155 1495 2305 1555 auch
2350 1494 2448 1553 bei
2493 1494 2772 1566 anderen,

403 1600 631 1663 welche
677 1599 778 1658 das
823 1598 951 1658 sein
995 1600 1060 1656 in
1103 1598 1295 1658 einem
1341 1599 1633 1675 gewissen
1679 1598 2097 1675 korperlichen
2130 1599 2415 1657 zustande
2460 1598 2603 1656 oder
2634 1597 2773 1657 stel-

404 1703 550 1778 lung
593 1703 985 1762 ausdriicken.
1072 1721 1250 1765 wenn
1306 1722 1429 1760 nun
1491 1704 1593 1761 das
1660 1702 1786 1762 sein
1851 1701 1915 1759 in
1974 1702 2209 1762 solcher
2274 1701 2534 1777 stellung
2596 1699 2773 1759 einen

407 1806 773 1882 gegenstand
819 1805 1115 1881 ergreifen
1161 1806 1343 1878 kann,
1387 1826 1451 1864 so
1498 1806 1632 1864 dass
1677 1824 1742 1865 er
1781 1824 1917 1863 zum
1948 1805 2178 1865 obiecte
2209 1803 2378 1878 wird,
2424 1824 2487 1863 so
2534 1805 2772 1867 werden

409 1909 503 1967 die
547 1909 732 1969 verba
776 1908 1036 1968 dadurch
1081 1907 1399 1983 transitiv;
1447 1909 1589 1968 aber
1626 1908 1820 1969 nichts
1865 1909 2032 1968 desto
2079 1908 2343 1983 weniger
2388 1908 2655 1967 driicken
2688 1907 2773 1967 sie

407 2010 829 2088 urspriinglich
875 2011 1010 2071 eine
1053 2012 1265 2088 ruhige
1311 2012 1480 2072 nicht
1524 2013 1676 2071 nach
1721 2030 1933 2072 aussen
1978 2012 2288 2072 wirkende
2333 2010 2466 2087 lage
2511 2030 2635 2071 aus.
2710 2031 2773 2070 so

406 2115 488 2175 ist
529 2121 754 2174 terrere
799 2113 932 2173 eine
977 2115 1455 2175 abschreckende
1499 2115 1632 2191 lage
1678 2116 1819 2174 oder
1863 2116 2155 2175 aussehen
2199 2116 2412 2188 haben,
2446 2146 2528 2157 —-
2572 2114 2776 2175 videre

411 2217 506 2278 die
550 2237 744 2293 augen
791 2217 951 2277 offen
994 2219 1192 2276 haben
1238 2221 1388 2280 etc.“
1431 2251 1518 2263 --

581 2340 659 2379 ex
703 2320 921 2405 quibus
965 2320 1173 2380 Haasii
1217 2321 1419 2381 verbis
1449 2322 1879 2399 cognoscimus,
1923 2323 2071 2381 haec
2108 2325 2297 2382 status
2327 2323 2511 2382 verba
2540 2321 2778 2399 saepius

409 2443 539 2485 esse
599 2424 830 2484 reddita
884 2426 1071 2486 verba
1127 2424 1446 2486 transitiva
1500 2426 1544 2485 i.
1589 2445 1641 2487 e.
1701 2426 1890 2486 verba
1933 2424 2204 2499 actionis,
2268 2443 2421 2505 quae
2464 2425 2526 2483 in
2574 2430 2778 2485 nostra

410 2527 825 2589 dissertatione
869 2529 1176 2588 tractanda
1218 2534 1376 2588 sunt.

581 2633 695 2691 hoc
738 2632 912 2690 modo
957 2631 1101 2691 satis
1147 2632 1463 2708 diligenter
1493 2652 1561 2692 ac
1590 2632 1893 2693 subtiliter
1921 2632 2225 2692 notionem
2255 2633 2592 2706 verborum,
2625 2653 2777 2711 quae

411 2740 630 2797 statum
674 2734 1031 2811 significant,
1077 2735 1348 2814 exposui,
1390 2741 1459 2796 ut
1503 2755 1679 2793 nemo
1724 2736 1996 2797 dubitare
2041 2736 2248 2813 possit,
2297 2737 2545 2796 verbum
2592 2736 2777 2815 quod-

412 2841 546 2899 dam
589 2844 786 2899 utrum
834 2836 913 2898 sit
954 2838 1154 2914 potius
1197 2838 1355 2899 inter
1400 2858 1709 2899 numerum
1756 2840 2073 2901 verborum
2135 2839 2385 2899 actionis
2429 2858 2504 2897 an
2553 2858 2775 2911 eorum,

414 2962 567 3023 quae
612 2946 833 3003 statum
877 2940 1232 3018 exprimant,
1277 2944 1636 3004 habendum.

587 3133 943 3192 adnotatio
963 3152 981 3191 ε

585 3254 786 3325 verba,
833 3269 986 3330 quae
1029 3255 1248 3311 statum
1292 3252 1649 3327 significant,
1693 3271 1827 3311 cum
1870 3251 2121 3311 actionis
2163 3252 2364 3313 verbis
2394 3252 2571 3312 etiam
2602 3254 2778 3312 aliam

415 3358 640 3415 habent
696 3354 1168 3415 communionem
1227 3359 1407 3434 atque
1468 3354 1915 3415 similitudinem
1935 3399 1950 3427 ,
2013 3374 2164 3433 quae
2209 3360 2481 3431 spectant
2524 3357 2596 3414 ad
2641 3358 2778 3416 sub·-

415 3459 587 3531 iecta,
634 3477 786 3537 quae
830 3456 917 3516 eis
961 3458 1279 3517 adduntur.
1357 3476 1614 3538 namque
1661 3477 1784 3516 non
1828 3456 2162 3534 promiscue
2208 3477 2277 3516 ea
2320 3477 2451 3517 cum
2498 3459 2780 3520 subiectis

418 3561 698 3636 coniungi
743 3565 1014 3637 possunt.

589 3663 845 3724 etenim:

566 3769 626 3846 1)
671 3786 792 3825 non
835 3786 969 3826 raro
1014 3766 1358 3846 quiescendi
1400 3766 1498 3827 vel
1542 3767 1835 3828 evadendi
1878 3768 2062 3829 verba
2106 3773 2246 3828 sunt
2288 3769 2416 3828 eius
2461 3769 2636 3842 modi,
2699 3773 2781 3829 ut

679 3871 1077 3951 quadrare
1139 3869 1582 3931 videantur
1648 3872 1737 3929 ad
1790 3870 2009 3931 solas
2071 3891 2457 3947 personas
2518 3873 2646 3934 vel
2690 3873 2777 3931 ad

677 3975 812 4035 sub
831 3974 1080 4035 stanti
1099 3994 1189 4036 va
1250 3994 1328 4033 co
1348 3994 1388 4032 n
1408 3994 1439 4033 c
1456 3993 1535 4033 re
1552 3980 1648 4036 ta.
1738 3976 1981 4035 notandi
2039 3976 2226 4051 igitur
2289 3980 2467 4036 erunt
2530 3976 2585 4035 ei
2645 3975 2779 4046 loci,

676 4077 780 4136 ubi
828 4077 1108 4153 leguntur
1151 4077 1412 4153 exempli
1458 4097 1633 4137 causa
1676 4079 2049 4138 substantiva
2094 4080 2389 4138 abstracta
2401 4103 2417 4153 ;
2465 4101 2518 4137 m
2542 4100 2575 4139 o
2595 4101 2622 4138 s
2665 4079 2734 4136 vi
2755 4110 2777 4120 -

681 4193 833 4260 get3
891 4181 1268 4242 valetudo
1330 4181 1761 4254 decrescit;
1809 4214 1887 4224 -—
1949 4182 2107 4257 glis
2130 4182 2239 4242 cit
2282 4184 2583 4258 rabies3
2650 4182 2775 4244 sim.
