3244 4792
1348 235 1772 300 ,47-

543 401 745 481 feriae,
792 404 1086 465 exodium:

375 506 500 564 Cat.
532 507 637 565 lib.
684 509 756 565 de
801 492 1164 582 agricultura
1200 511 1359 569 CXL
1406 511 1455 571 si
1500 511 1907 585 intermiseris,
1956 518 2058 572 aut
2102 513 2598 597 feriaepublicae
2645 523 2747 576 aut

373 609 697 669 familiares
740 611 1407 687 intercesserint;
1455 647 1536 656 -—
1589 616 1722 674 Var.
1766 635 1881 674 rer.
1926 621 2071 674 rust.
2118 616 2220 674 lib.
2253 618 2302 687 Ι,
2340 619 2404 676 ΙΙ
2449 620 2591 698 quid
2637 641 2744 678 vos

373 711 512 770 hic?
577 713 856 794 inquam,
921 735 1059 773 num
1125 716 1308 774 feriae
1363 718 1726 777 sementivae
1774 719 1994 776 otiosos
2037 720 2153 777 huc
2199 721 2742 781 adduxerunt?

375 850 459 860 —
507 817 694 875 Lucil.
754 824 863 876 sat.
929 836 1006 875 ex
1070 818 1174 877 lib.
1242 819 1449 880 incert.
1510 841 1564 879 v.
1620 825 1738 878 139
1790 867 1804 877 .
1840 865 1854 879 .
1888 865 1902 879 .
1938 868 1953 882 .
1997 822 2291 900 principio
2353 825 2595 899 dignum
2642 845 2743 883 ex-

378 919 697 998 odiumque
743 926 1146 997 sequetur.

731 1041 788 1115 y)
834 1039 1043 1098 aliae
1091 1042 1469 1119 quaedam
1515 1043 1922 1101 notiones:

548 1158 668 1217 vox,
712 1139 1064 1219 vocabulum,
1111 1143 1364 1220 verbum,
1411 1144 1614 1221 oratio,
1663 1162 1869 1222 sermo,
1916 1143 2168 1207 sonitus:

377 1244 501 1303 Cat.
551 1252 697 1303 orat.
751 1252 958 1304 contra
1003 1247 1126 1304 Ser.
1176 1247 1416 1305 Galbam
1467 1267 1573 1322 pro
1621 1249 1868 1323 direptis
1914 1249 2216 1307 Lusitanis
2260 1250 2332 1307 cf.
2380 1249 2488 1307 sub
2537 1244 2575 1322 β
2620 1254 2743 1307 not.

376 1354 570 1419 aetas3
616 1381 702 1390 —
749 1348 938 1407 Plaut.
987 1350 1157 1424 Epid.
1204 1369 1262 1409 v.
1312 1354 1433 1407 235
1482 1352 1627 1408 haec
1669 1351 1957 1411 vocabula
2001 1352 2307 1409 auctiones
2352 1351 2743 1425 subigunt,

379 1455 446 1507 ut
502 1451 725 1509 faciant
767 1452 963 1525 viros;
1013 1485 1091 1494 —
1139 1498 1171 1525 „
1219 1453 1401 1513 Stich.
1447 1474 1503 1511 v.
1560 1458 1672 1510 193
1742 1455 1889 1512 haec
1948 1455 2131 1511 verba
2192 1454 2572 1528 subigunt
2632 1472 2743 1526 me,

376 1552 466 1612 uti
512 1572 705 1612 mores
750 1555 1030 1612 barbaros
1071 1551 1079 1635 Ι
1120 1556 1376 1626 discam;
1420 1588 1504 1597 —
1550 1556 1786 1615 Terent.
1834 1556 2053 1634 Hecyr.
2101 1556 2217 1628 III,
2274 1561 2323 1629 1,
2370 1561 2447 1615 33
2495 1557 2744 1615 fortasse

377 1676 560 1713 unum
605 1656 845 1735 aliquod
890 1659 1137 1716 verbum
1182 1658 1340 1717 inter
1383 1677 1481 1716 eas
1525 1659 1675 1717 iram
1722 1660 1875 1717 hanc
1920 1659 2249 1719 concivisse
2275 1659 2369 1735 ¹);
2418 1694 2501 1703 —
2545 1704 2579 1733 „
2626 1660 2745 1717 Eu-

379 1760 551 1831 nuch,
610 1780 667 1818 v.
728 1764 840 1816 158
907 1779 1117 1835 nempe
1180 1761 1378 1819 omnia
1422 1763 1566 1819 haec
1612 1781 1770 1820 nunc
1812 1764 1996 1821 verba
2038 1763 2153 1820 huc
2200 1763 2533 1820 redeunt
2578 1761 2746 1820 deni-

380 1882 529 1940 que3
573 1895 659 1904 —
703 1906 738 1934 „
784 1862 1000 1922 Heaut.
1047 1863 1198 1922 Tim.
1252 1864 1318 1934 V,
1365 1871 1421 1938 3,
1472 1869 1505 1920 8
1551 1865 1731 1922 immo
1793 1864 1906 1923 scis
1967 1864 2199 1940 potine,
2267 1884 2443 1942 quam
2504 1865 2742 1943 quidem

378 1966 660 2023 redeat
720 1969 790 2024 de
853 1966 1086 2041 integro
1149 1968 1446 2036 oratio;
1492 2000 1577 2010 ——
1639 1969 1779 2026 Acci
1825 1968 2167 2039 Antigonae
2212 1989 2267 2027 v.
2328 1972 2460 2038 138,
2509 1973 2545 2025 9
2593 1974 2747 2026 attat

380 2068 491 2126 nisi
540 2086 633 2125 me
677 2069 903 2128 fallit
944 2068 1007 2127 in
1059 2069 1220 2127 obito
1260 2067 1270 2148 Ι
1309 2069 1568 2139 soni·tus;
1617 2104 1695 2112 —-
1742 2071 1935 2129 Plaut.
1984 2071 2110 2128 Mil.
2156 2069 2301 2145 glor.
2335 2091 2392 2129 v.
2427 2075 2548 2128 995
2584 2116 2597 2129 .
2632 2113 2647 2129 .
2681 2113 2695 2128 .
2728 2114 2743 2128 .

380 2171 590 2246 edepol
633 2172 812 2229 huius
857 2191 1049 2230 sermo
1097 2172 1242 2230 haut
1287 2171 1542 2230 cinerem
1591 2174 2037 2250 quaeritat.

377 2345 608 2401 promptu
643 2355 751 2388 esse
784 2343 867 2388 vel
903 2343 1025 2388 satis
1060 2343 1286 2401 adesse);
1341 2343 1401 2389 cf.
1439 2349 1695 2402 praeterea
1745 2344 1863 2389 ibid.
1900 2360 1950 2390 v.
1989 2346 2115 2404 3973
2169 2345 2352 2405 Amph.
2389 2359 2437 2391 v.
2483 2346 2570 2405 143
2623 2343 2744 2389 Cur-

377 2429 469 2474 cul.
507 2444 557 2476 v.
594 2430 724 2487 3683
763 2430 892 2491 3343
930 2430 1064 2476 Pers.
1105 2444 1151 2475 v.
1180 2431 1306 2487 3303
1346 2430 1556 2489 denique
1595 2431 1695 2478 vid.
1736 2431 1965 2477 Pseudol.
2003 2447 2053 2479 v.
2085 2433 2181 2478 108
2218 2433 2403 2477 utinam
2440 2445 2566 2489 quae
2603 2430 2744 2489 dicis,

377 2514 520 2561 dictis
555 2515 685 2561 facta
717 2521 982 2574 suppetant
1029 2516 1120 2579 (=
1157 2517 1507 2575 respondeant,
1558 2521 1890 2562 consentanea
1925 2515 2072 2580 sint);
2115 2518 2315 2563 Asinar.
2351 2532 2401 2562 v.
2438 2518 2501 2563 56
2542 2516 2745 2579 [adden-

379 2602 493 2646 dum
547 2608 622 2647 est
669 2602 858 2649 nullam
893 2602 1042 2647 aliam
1078 2601 1371 2660 suppetendi
1407 2602 1546 2649 verbi
1584 2604 1834 2649 notionem
1871 2603 1921 2647 in
1958 2608 2209 2662 posterum
2247 2604 2484 2661 existere,
2540 2602 2634 2648 nisi
2672 2616 2744 2647 re·

376 2686 590 2732 centiore
625 2691 784 2732 aetate
821 2687 951 2746 apud
993 2688 1257 2745 Ulpianum
1293 2687 1407 2747 Dig.
1436 2690 1518 2746 4⁷,
1558 2691 1604 2746 2,
1644 2690 1706 2734 52
1748 2689 1929 2747 „Furti
1965 2689 2207 2735 actionem
2239 2690 2479 2735 adversus
2506 2701 2632 2745 eum,
2660 2687 2744 2747 qui

377 2776 671 2833 suppetet“;
723 2785 821 2831 qua
875 2774 926 2818 in
975 2774 1221 2819 locutione
1259 2779 1519 2833 suppetere
1555 2778 1630 2819 est
1665 2772 1796 2819 idem
1833 2788 1891 2819 ac
1929 2788 2017 2833 pro
2053 2775 2236 2833 aliquo,
2274 2773 2481 2820 alicuius
2516 2774 2626 2819 loco
2662 2788 2745 2833 pe·

377 2856 514 2919 tere.]
553 2884 618 2893 -
655 2872 801 2918 quam
837 2861 1100 2917 genuinam
1137 2865 1363 2904 naturam
1398 2860 1439 2904 si
1476 2858 1865 2916 consideramus,
1920 2860 2217 2907 monendum
2254 2864 2346 2917 est,
2399 2858 2608 2906 verbum
2644 2873 2745 2904 mo·

377 2950 480 2989 tum
517 2944 810 3002 significare.
884 2944 1122 2991 habemus
1177 2946 1309 2990 enim
1362 2944 1575 2991 radicem
1616 2949 1787 3003 ‚,pet“‚
1841 2945 1902 2990 de
1953 2959 2050 3004 qua
2085 2944 2284 2991 Curtius
2319 2945 2443 2994 haec
2477 2945 2660 2990 iudicat
2694 2944 2743 2989 in

378 3030 510 3075 libro
546 3043 634 3076 suo
673 3030 995 3089 „grundziige
1033 3031 1118 3076 der
1151 3030 1494 3089 griechischen
1529 3030 1879 3089 etymologie“‚
1914 3044 1993 3090 pg.
2025 3033 2121 3078 210
2147 3046 2218 3076 nr.
2250 3033 2378 3078 214:
2415 3030 2526 3088 „als
2562 3029 2745 3089 grund-

378 3115 661 3174 bedeutung
697 3116 786 3161 der
820 3116 1005 3161 wurzel
1040 3123 1141 3175 pat,
1193 3121 1276 3175 pet
1310 3115 1375 3162 ist
1410 3116 1488 3162 die
1524 3115 1659 3162 einer
1692 3116 1900 3162 raschen
1935 3116 2211 3175 bewegung
2245 3117 2619 3175 anzunehmen‚
2668 3114 2746 3161 die

379 3201 446 3247 im
482 3202 802 3248 lateinischen
838 3207 1002 3261 petere
1039 3202 1144 3248 sich
1179 3204 1230 3248 in
1267 3216 1464 3260 grosser
1500 3200 1871 3260 allgemeinheit
1905 3201 2215 3261 festgesetzt,
2252 3203 2318 3249 im
2356 3203 2453 3248 skt.
2491 3201 2611 3248 aber
2647 3200 2747 3246 und

379 3286 446 3333 im
481 3287 819 3347 griechischen
855 3288 960 3334 sich
996 3288 1047 3333 in
1083 3288 1162 3334 die
1197 3288 1373 3334 beiden
1409 3287 1909 3345 hauptbedeutungen
1958 3288 2134 3347 fliegen
2167 3288 2265 3333 und
2304 3289 2450 3334 fallen
2486 3287 2745 3347 gespalten

381 3374 467 3420 hat
501 3370 738 3440 (πέτομαι
773 3374 871 3420 und
909 3371 1150 3439 πίπτω).“
1189 3401 1254 3409 -—
1295 3388 1417 3433 quae
1453 3389 1564 3421 cum
1601 3374 1672 3419 ita
1707 3374 1822 3431 siut,
1860 3373 2107 3432 significat
2131 3376 2369 3434 „petere“
2408 3374 2495 3433 ire,
2532 3387 2745 3432 currere,

381 3459 490 3507 sim.
558 3460 723 3520 itaque
759 3461 804 3507 ei
840 3459 994 3506 verbo
1032 3475 1128 3506 non
1167 3461 1433 3520 respondet
1469 3460 1783 3506 accusativus
1819 3460 2017 3520 obiecti,
2068 3460 2155 3505 sed
2192 3461 2275 3519 qui
2313 3460 2560 3520 dependet
2593 3473 2737 3505 casus

382 3551 458 3592 est
492 3551 578 3593 aut
611 3547 920 3593 accusativus
955 3561 1064 3592 cum
1104 3548 1467 3606 praepositione
1504 3548 1557 3593 in
1591 3548 1674 3593 vel
1711 3547 1792 3604 ad,
1830 3552 1916 3592 aut
1952 3545 2163 3592 dativus.
2219 3552 2293 3593 est
2326 3547 2477 3605 igitur
2511 3547 2744 3605 „petere“

381 3631 591 3678 verbum
626 3631 1009 3680 intransitivum.
1047 3659 1113 3667 —
1149 3647 1246 3691 quo
1284 3647 1405 3679 vero
1441 3634 1587 3678 modo
1625 3632 2003 3679 constructionis
2053 3633 2256 3678 mutatio
2306 3632 2593 3690 explicanda
2631 3630 2745 3676 est?

383 3744 449 3752 —
483 3718 536 3764 in
571 3732 705 3764 nova
739 3720 1102 3765 constructione
1155 3719 1374 3765 adhibita
1423 3719 1659 3765 scribenti
1710 3732 1811 3764 non
1864 3718 2097 3777 primaria
2145 3718 2229 3763 sed
2265 3717 2353 3763 illa
2387 3718 2486 3765 iam
2523 3717 2747 3763 derivata

383 3809 527 3863 atque
563 3805 856 3851 secundaria
890 3804 967 3850 vis
1003 3803 1147 3851 verbi
1186 3810 1299 3850 ante
1325 3805 1492 3850 oculos
1514 3802 1827 3860 versabatur,
1867 3817 1963 3861 qua
1986 3802 2234 3861 significat
2268 3808 2468 3862 „petere
2496 3801 2746 3860 aliquem“

381 3889 448 3948 id,
487 3891 618 3948 quod
653 3891 702 3937 in
741 3897 909 3937 nostro
945 3905 1171 3936 sermone
1206 3891 1495 3950 exprimitur
1531 3889 1699 3938 verbis
1736 3889 1978 3947 „Jemand
2014 3903 2075 3934 zu
2111 3888 2366 3935 erreichen
2392 3888 2627 3943 suchen“‚
2663 3888 2746 3934 vel

381 3975 626 4034 „jemand
660 3976 888 4023 bittten“.
963 3977 1121 4022 simile
1172 3976 1292 4035 quid
1340 3976 1513 4023 statuit
1548 3976 1739 4032 Haase,
1791 3981 1846 4020 ut
1881 3973 2115 4020 locutioni
2152 3974 2224 4019 illi
2263 3973 2492 4020 Taciteae
2528 3974 2747 4033 „praesi-

382 4063 495 4109 dere
531 4063 848 4122 exercitum“,
900 4077 992 4122 pro
1028 4076 1125 4121 qua
1161 4068 1500 4122 exspectamus
1539 4061 1855 4121 „praesidere
1893 4060 2182 4118 exercitui“,
2222 4060 2380 4105 lucem
2417 4061 2628 4106 afferret.

1358 4130 1394 4166 is
1445 4130 1484 4166 et

523 4181 572 4247 1)
609 4181 884 4229 concivisse
920 4183 1148 4229 Donatus
1187 4182 1485 4228 concluserit
1520 4183 1564 4227 A
1602 4180 1899 4227 concivisset
1946 4178 2190 4226 efficiebat
2239 4193 2364 4224 corr.
2420 4193 2516 4224 rec.
2573 4178 2748 4225 civerit

382 4286 432 4333 in
469 4301 564 4333 ras.
603 4287 649 4332 D
689 4285 957 4332 conciverit
994 4285 1033 4329 B
1074 4285 1112 4333 C
1148 4285 1189 4331 E
1228 4285 1268 4331 F
1308 4286 1360 4332 P.
